1452 2912
25 111 135 154 2978
521 107 585 150 18.
621 106 875 161 Bombylms.

144 222 182 261 2.
215 217 265 258 Β.
296 216 458 259 medius
490 217 524 258 1.
555 231 592 270 p.
624 215 715 258 189.

81 321 165 355 Obs.
191 318 237 352 Β.
265 317 400 350 medias
426 319 534 357 Meig.
566 327 689 347 verus:
725 317 844 346 subtus
879 317 991 355 niger,
1027 328 1091 347 ano
1119 317 1231 346 fuseu-
1264 317 1287 346 l.
1315 316 1372 346 ob·

118 397 219 418 scure
243 384 376 424 piloso,
403 383 445 413 ad
471 383 644 413 Stetinum
669 381 689 411 8
713 380 793 410 Jun.
821 379 909 410 1842
936 391 955 411 a
979 381 1020 412 D.
1051 378 1232 413 Daltlbom
1257 381 1292 410 in
1319 390 1379 429 ex-⁸

124 451 238 491 emplo
264 449 416 478 femineo
443 448 564 477 lectus.
614 444 733 475 Talem
761 455 900 484 quoque
928 457 946 475 e
972 445 1139 484 Glogavia
1172 454 1190 475 a
1223 447 1264 476 Ι).
1300 441 1377 476 Zel-

120 507 172 547 ler
197 512 345 544 obtinui.

148 597 186 637 3.
219 593 268 636 B.
301 589 530 632 albibarbis
561 591 588 631 1.
618 602 656 642 p.
690 587 779 630 190.

151 668 188 712 4.
220 667 272 708 Β.
301 667 487 720 pumilus
519 667 546 707 1.
577 677 615 718 p.
647 661 738 704 190.

76 787 115 815 In
141 782 283 813 floribus
310 779 516 810 Lavandulae
542 777 639 817 spicae
664 785 782 805 mense
816 775 911 806 Julio
939 773 1027 805 1848
1051 776 1086 804 in
1111 776 1213 806 horto
1239 777 1380 816 proprio

124 844 282 888 (Lundae)
308 845 351 873 12
378 852 489 873 mares
518 847 551 872 et
576 842 596 870 9
630 841 775 870 feminas
802 839 1028 878 deprehendi.
1064 840 1250 879 Postquam
1277 841 1383 878 igilur

121 913 221 952 plura
259 907 448 947 specimina
496 914 698 944 comparare
744 903 879 942 potui„
914 904 1084 933 minorem
1129 908 1262 933 tantum
1315 904 1379 933 ‹lif-

127 974 310 1005 ferentiam
335 973 425 1001 inter
450 970 537 1000 hanc
564 974 597 1000 et
622 972 824 1007 sequentem
850 967 1016 1006 detegere
1040 967 1145 997 valui.
1173 969 1336 998 Antennae
1351 968 1388 998 in

125 1038 157 1072 ὀ·
185 1037 302 1078 paullo
330 1034 506 1074 longiores
533 1038 613 1063 sunt
638 1043 738 1072 quam
764 1033 800 1061 in
827 1032 870 1068 Q,
898 1036 931 1061 et
955 1032 991 1061 id
1016 1032 1052 1062 in
1072 1032 1235 1062 ambabus
1253 1033 1382 1072 specie-

125 1105 199 1133 bus.
226 1100 322 1130 'rarsi
351 1108 491 1137 quoque
519 1098 651 1127 variant
677 1096 832 1125 articulis
861 1095 992 1125 ultimis
1006 1093 1078 1135 jam
1105 1095 1144 1132 4,
1166 1093 1290 1135 jam3,
1313 1093 1385 1135 jam

133 1171 264 1195 lantum
291 1164 310 1192 2
338 1163 453 1201 nigris.
480 1162 623 1191 Alarum
649 1160 792 1189 susceaelo
820 1159 961 1189 coslali5
987 1161 1022 1189 in
1057 1158 1089 1192 d*
1114 1160 1251 1198 longius
1277 1158 1386 1199 (nem-

129 1240 170 1269 pe
197 1227 315 1269 paullo
344 1226 434 1255 ultra
460 1225 614 1255 medium
640 1222 754 1264 costae)
782 1228 942 1259 extensa,
970 1233 1071 1262 quam
1097 1225 1133 1253 in
1158 1220 1204 1254 B.
1238 1221 1386 1264 postico

126 1294 248 1329 Faba,
283 1291 341 1320 ubi
380 1290 513 1319 alarum
551 1288 732 1318 brunnedo
762 1288 885 1317 basalis
922 1287 1029 1326 magis
1065 1288 1294 1318 determinata
1319 1298 1387 1318 non

134 1367 243 1396 usque
270 1356 311 1384 ad
338 1355 491 1383 medium
523 1353 582 1382 alae
616 1353 793 1381 dilatatur.
828 1352 932 1381 Nervi
962 1353 1145 1381 transversi
1173 1353 1192 1381 2
1218 1352 1387 1382 ‹liscoida-

133 1423 181 1451 les
209 1420 391 1460 perspicue
429 1418 568 1447 distant.
606 1432 646 1438 —
680 1416 719 1446 In
753 1415 955 1446 Smolandia
989 1416 1032 1446 ad
1067 1413 1207 1456 Skfirsjo
1241 1421 1391 1455 uterque

131 1494 233 1515 sexus
261 1492 399 1522 quoque
423 1486 593 1521 repertus,

93 1555 176 1589 Obs.
209 1556 392 1595 specimen
432 1554 641 1590 femineum,
676 1552 770 1591 quod
812 1553 875 1582 sub
918 1553 1079 1581 nomine:
1123 1547 1191 1582 '’B.
1229 1550 1390 1594 pumilus

131 1618 289 1659 Macqv.’'
316 1630 333 1648 e
360 1618 476 1648 Gallia
509 1617 653 1647 australi
680 1627 698 1646 a
729 1617 771 1646 D.
804 1612 906 1648 Leon
933 1613 1089 1660 Dafoar
1115 1614 1203 1645 1344
1229 1617 1386 1654 obtinui,

132 1683 289 1714 no‘nuihil
330 1680 440 1722 majus
483 1682 638 1717 videtur,
681 1686 714 1710 et
749 1682 861 1710 nervis
904 1682 1106 1710 transversis
1141 1681 1390 1711 ‹liscoidalibus

131 1750 267 1779 «luobus
301 1746 432 1787 (medio
468 1751 501 1776 et
533 1743 729 1783 ordinario)
771 1745 966 1784 paullulum
1006 1745 1112 1782 magis
1147 1745 1391 1784 approximatis

136 1812 294 1852 (minime
320 1816 436 1841 tamen
462 1810 628 1850 oppositis
654 1814 693 1838 ut
717 1809 753 1838 in
776 1805 822 1840 B.
849 1806 1012 1849 minimo)
1033 1809 1171 1847 gaudet.

161 1902 199 1964 5.
231 1900 283 1941 Β.
315 1906 453 1942 minor
483 1903 511 1942 1.
541 1914 578 1955 p.
612 1899 702 1942 191.

166 1977 297 2017 Etiam
329 1980 368 2017 in
397 1976 628 2017 Smolandia
661 1977 709 2017 ad
740 1977 903 2029 Skarsjfi
940 1982 1095 2030 captus.

97 2068 179 2103 Οὐδ.
204 2068 249 2102 Β.
274 2070 435 2113 pumilus
462 2076 496 2101 el.
520 2068 638 2102 minor
663 2072 753 2101 inter
778 2081 814 2101 se
840 2082 960 2110 parum
986 2072 1162 2102 differunt.

162 2152 199 2193 6.
235 2151 283 2191 Β.
316 2153 574 2193 mtreclentvcs·
605 2154 631 2193 1.
663 2165 699 2204 p.
732 2151 824 2193 192.

160 2227 205 2266 In
244 2225 477 2267 Goulandia
517 2226 573 2268 30
615 2229 834 2279 specimina
881 2239 901 2266 a
948 2225 992 2264 D.
1038 2222 1251 2269 Bohemem
1286 2227 1396 2273 1847

47 2300 232 2341 collecta.

168 2374 206 2414 7.
239 2371 290 2412 Β.
321 2377 515 2415 minimus
545 2374 572 2414 1.
603 2385 642 2426 p.
674 2371 764 2413 193.
