1452 2912
86 157 195 194 2634
594 155 683 190 188.
729 151 905 190 Oscmn.

86 273 298 323 frequens3
330 273 368 309 in
402 271 522 311 Dania
555 282 632 309 non
664 241 767 308 raro.
798 269 848 314 (E
881 267 1083 307 Finlandia
1114 277 1134 303 a
1167 263 1273 302 Prol'.
1304 258 1426 300 Sahl-

86 342 205 397 berg,
236 357 257 383 e
288 343 466 397 Gryphia
508 343 546 382 ά·
583 343 881 382 Trawemfinde
921 355 941 380 a
985 342 1095 381 Doct.
1127 333 1348 384 Dalzlbom,
1387 332 1427 372 ὦ

84 430 107 458 e
140 418 297 457 Lubeca
329 432 347 457 a
385 419 425 457 Ι).
456 417 499 456 Ι).
529 415 571 457 J.
609 414 798 455 Belzrens
827 416 867 454 da
898 413 1057 463 Melcte,
1100 411 1427 453 communicata).

110 620 182 659 ὀᾩ.
232 621 308 651 Alis
338 622 578 659 breviusculis,
606 625 762 652 antennis
790 623 910 652 subtus
936 622 1044 659 ssavis,
1071 633 1087 651 a
1114 622 1338 660 sequentibus
1363 619 1425 648 hu-

181 683 234 724 jus
258 685 433 724 phalangis
460 696 539 715 mox
565 687 789 725 dignoscitur.
830 687 967 716 Statura
994 690 1171 724 angustata
1197 682 1424 723 subcylinclri-

177 757 215 778 ca
235 750 421 787 praesertim
442 750 478 778 in
499 750 660 786 maribus,
692 751 748 788 qui
769 750 905 778 seminis
925 750 1026 778 etiam
1045 749 1253 788 plerumque
1277 746 1429 776 minores

178 817 267 841 sunt.
288 812 417 849 Nitida,
430 813 471 842 ad
484 814 664 843 maximam
681 818 810 852 partem
824 813 929 851 nigra.
957 812 1067 842 Frons
1079 801 1332 847 fulvo-flavam·
1349 802 1425 838 viva

176 875 350 914 pallidior.
399 876 539 906 Macula
566 878 702 906 verticis
730 874 922 915 majuscula
950 880 1070 905 exacte
1090 876 1224 914 trigona
1242 875 1349 912 nigra,
1369 882 1424 901 an-

178 938 258 976 gulo
285 939 460 978 superiori
486 940 542 968 vix
574 940 666 969 ultra
697 941 850 969 medium
885 940 1010 969 frontis
1036 940 1216 978 producta,
1243 938 1315 968 basi
1341 937 1426 971 lata,

173 1001 234 1030 sed
260 1011 328 1030 non
355 1002 397 1031 ad
423 1003 545 1031 oculos
573 1008 724 1039 extensa,
751 1014 829 1033 cnm
856 1004 1036 1041 nigredine
1056 1002 1215 1043 occipitis
1233 999 1423 1030 confluens.

174 1066 336 1093 Antennae
360 1065 554 1094 mediocres
579 1068 770 1096 rotundatae
796 1067 996 1102 rufo—flavae,
1023 1066 1169 1095 articulo
1197 1065 1320 1094 ultimo
1337 1072 1426 1092 mar-

177 1128 255 1164 gine
280 1128 451 1165 superiori
479 1126 513 1163 ὃς·
538 1129 660 1167 apicali
687 1130 888 1165 nigricante,
914 1134 987 1158 seta
1013 1134 1069 1157 ant
1097 1130 1131 1158 in
1157 1129 1348 1157 minoribus
1375 1126 1425 1155 fu-

179 1199 234 1218 sca
260 1190 282 1218 l.
309 1191 432 1228 pallida
461 1191 530 1220 basi
558 1193 665 1229 nigra,
700 1197 757 1220 aut
790 1193 823 1221 in
857 1190 1045 1231 majoribus
1080 1192 1267 1221 individuis
1300 1190 1376 1218 alba
1401 1189 1424 1217 l.

180 1254 277 1281 nivea
304 1254 373 1282 basi
392 1254 488 1284 tlara.
537 1255 714 1294 Epistoma
739 1265 857 1293 parum
880 1256 967 1284 infra
993 1255 1114 1285 oculos
1140 1253 1354 1284 descendens
1380 1253 1427 1282 al-

179 1315 307 1345 bidum.
358 1318 459 1346 Genae
484 1318 707 1355 longiuscula¹
740 1320 871 1348 albidae.
906 1319 999 1357 Palpi
1033 1320 1121 1348 ssavi.
1157 1319 1338 1348 Prohoscis
1377 1322 1425 1346 te-

175 1383 301 1408 stacea.
352 1381 451 1410 Oculi
480 1382 684 1416 mediocres,
711 1383 745 1410 in
771 1382 844 1411 viva
872 1382 1059 1420 ferruginei
1098 1383 1225 1412 leniter
1249 1382 1424 1412 aeneo-mi-

180 1447 306 1477 cantes,
333 1444 366 1471 in
393 1449 527 1473 mortua
554 1446 702 1474 obscuri.
751 1445 887 1474 Thorax
914 1446 1016 1475 dorso
1045 1446 1247 1485 pnnctulato
1275 1449 1348 1474 toto
1374 1445 1425 1474 ni-

181 1513 252 1542 gm,
279 1506 375 1534 cattis
401 1507 638 1536 humeralibus
665 1508 800 1546 pallidis
827 1514 953 1546 puncto
982 1511 1091 1547 nigro.
1140 1509 1271 1539 Pleurae
1297 1507 1427 1547 pallide

181 1566 282 1603 flavae,
309 1571 412 1607 striga
448 1572 561 1599 media
596 1572 702 1610 nigra.
752 1572 862 1610 Supra
889 1581 990 1601 coxas
1016 1574 1285 1610 posterioriores
1310 1581 1425 1601 macu-

179 1631 218 1659 lae
244 1631 263 1659 2
290 1632 399 1669 nigrae,
425 1635 535 1662 antica
561 1633 682 1674 major.
730 1635 923 1664 Scuta-llum
950 1634 999 1674 (in
1026 1634 1114 1676 viva)
1146 1637 1322 1672 citi-inum,
1355 1645 1426 1665 ma-

181 1694 259 1722 cula
294 1696 400 1725 basali
433 1698 595 1735 utrinque
630 1699 725 1736 nigra
765 1698 971 1737 plerumque
1005 1700 1053 1728 ita
1087 1700 1248 1737 elongata
1280 1704 1318 1728 ut
1352 1703 1425 1728 tota

182 1757 291 1786 latera
317 1760 453 1789 scutelli
480 1765 638 1800 occupat.
675 1762 856 1790 Abdomen
881 1761 964 1791 laeve
993 1766 1103 1790 totum
1131 1763 1265 1800 nigrum
1291 1761 1425 1801 (ventre

181 1820 214 1848 in
242 1822 315 1850 vira
340 1829 482 1861 anguste
507 1824 632 1864 ssavo);
658 1826 692 1853 in
721 1823 752 1857 O*
779 1826 910 1854 lineare
945 1835 1009 1854 ano
1030 1825 1172 1862 inflexo,
1199 1826 1234 1854 in
1260 1826 1285 1863 ῼ
1310 1825 1425 1855 lance-

182 1883 324 1913 (ilatum.
373 1887 442 1915 Alae
470 1887 655 1916 abdomine
681 1888 753 1916 sere
786 1889 975 1924 breviores,
1001 1888 1157 1927 liyalina‘,
1191 1889 1303 1918 nervis
1329 1893 1367 1918 ut
1390 1890 1426 1918 in

189 1943 230 1975 0.
260 1944 494 1990 Ilyposligm.
522 1960 579 1979 nzo
607 1952 648 1980 15
675 1952 808 1980 directi.
859 1952 963 1981 Nervi
990 1952 1283 1988 longitudinales:
1317 1951 1424 1981 3ztius

183 2010 303 2046 paullo
331 2018 407 2042 ante
434 2015 566 2052 apicem
601 2015 635 2043 in
669 2020 764 2043 costa
801 2025 999 2051 excurrens,
1037 2014 1128 2043 4:tus
1164 2015 1253 2044 infra
1299 2019 1424 2044 transv.

184 2074 396 2105 ordinarium
423 2077 711 2112 obsoletissimos,
746 2080 836 2107 5:tus
873 2078 1065 2107 obsoletus.
1116 2077 1277 2122 Halteres
1305 2078 1424 2107 albidi.

184 2135 291 2165 Pedes
318 2138 624 2178 ferrugineo-ilari,
659 2143 753 2170 coxis
789 2143 974 2180 praesertim
1009 2142 1131 2170 anticis
1165 2141 1293 2179 pallide
1317 2140 1424 2176 ssavis,

184 2200 283 2228 tarsis
309 2203 428 2231 anticis
463 2204 542 2233 totis
576 2207 899 2244 posterioribusque
933 2205 1088 2234 articulis
1124 2204 1260 2233 duobus
1295 2203 1425 2234 ultimis

182 2263 301 2300 nigris.

209 2463 272 2501 29.
308 2463 355 2502 0.
388 2465 661 2505 scateam-is.-
704 2470 820 2514 ssava,
851 2473 1087 2521 epistomate
1121 2464 1283 2516 pallido.
1314 2466 1426 2515 apice
