1452 2912
67 147 179 190 2900
495 143 580 190 204
607 146 668 194 b).
703 145 974 205 Orm'thobia.

163 261 431 307 Hippobosca;
457 265 580 296 ocellis
605 266 726 301 nullis,
752 266 911 295 antennis
936 264 1110 294 immersis
1136 264 1251 302 nudis,
1270 274 1335 297 nec
1359 267 1418 297 ob-

156 329 270 367 longis
295 328 568 368 multisetigeris,
618 330 788 368 ungvibus
822 333 994 358 tarsorum
1028 327 1293 366 subbidentatis,
1318 330 1419 360 mini-

158 402 214 422 me
242 392 447 428 tridentatis,
476 390 510 428 ὃς
534 393 749 422 habitatione
775 393 811 422 in
837 391 1095 427 Mammalibus,
1123 401 1187 421 nec
1213 393 1249 421 in
1275 393 1418 430 Avibus,

160 456 201 484 ab
233 452 528 497 Ornitltmnyza;
565 457 722 486 antennis
747 454 931 491 immersis,
959 464 1022 484 nec
1058 456 1205 485 exsertis
1234 456 1419 495 elongatis,

162 518 225 546 alis
252 519 349 556 apice
375 520 521 556 obtusis,
554 530 618 550 nec
645 518 844 554 attenuatis,
893 518 1039 555 pedibus
1073 519 1328 556 crassiusculis,
1355 529 1422 550 nee

162 581 388 620 simplicibus,
416 580 452 617 ἃ·
476 592 624 622 corpore
648 583 774 622 piloso,
824 590 888 610 nec
921 582 1028 618 nudo,
1079 591 1098 611 a
1131 578 1420 626 Leptopteryx5

159 644 281 674 ocellis
316 645 571 683 deficientibus,
621 647 776 676 antennis
809 646 981 675 immersis
1017 645 1132 682 nudis,
1168 655 1232 675 nec
1258 647 1419 687 oblongis

161 708 426 747 plurisetigeris,
455 710 517 741 alis
542 711 665 750 planis,
703 719 767 740 nec
793 709 976 745 subulatis,
1026 718 1133 739 nervo
1161 710 1286 739 costali
1312 711 1419 749 nudo,

168 783 232 803 nec
257 773 360 810 longe
385 773 515 810 efflato,
567 777 736 803 tarsorum
771 773 939 810 ungvibns
974 772 1240 810 subbidentatis,
1267 783 1332 804 nec
1357 775 1418 806 tri-

161 835 326 870 dentatis,
377 833 413 872 ὃς
444 836 658 866 habitatione
683 837 719 866 in
767 837 895 871 Certis,
931 846 996 865 nec
1019 837 1055 865 in
1102 836 1372 874 Hirundinibus,
1399 848 1419 868 a

163 898 436 940 Stenopteryx;
487 900 643 929 antennis
677 898 848 938 depressis
885 899 999 935 nudis,
1025 909 1089 929 nec
1126 900 1286 938 oblongis
1312 901 1418 931 valvi-

160 963 329 993 formibus
355 961 622 1001 plurisetigeris,
656 963 719 992 alis
744 962 857 1000 longis
883 962 980 1000 apice
1014 963 1224 999 rotundatis,
1251 973 1315 993 nec
1343 965 1418 995 bre-

162 1027 331 1057 viusculis
358 1026 454 1065 apice
481 1027 603 1063 acutis,
637 1036 742 1056 nervo
769 1025 890 1056 costali
917 1025 1024 1062 nudo,
1053 1024 1139 1056 ‘nec
1173 1026 1306 1064 ciliato,
1333 1038 1419 1067 ung-

160 1091 258 1119 vibus
286 1094 459 1119 torsorum
485 1090 746 1126 subbidentatis,
774 1098 836 1119 nec
864 1089 1074 1126 tridentatis,
1106 1087 1142 1126 ὅ(
1166 1091 1358 1130 hospitium
1383 1092 1420 1122 in

162 1153 420 1188 Mammalibus,
447 1162 510 1182 nec
536 1153 571 1182 in
596 1154 736 1189 Avitum,
787 1153 827 1182 ab
862 1149 1063 1193 Anapera;
1098 1154 1282 1184 abdomine
1306 1155 1418 1185 multo

160 1219 297 1247 minore
324 1213 359 1251 ὃς
384 1217 594 1254 angustiore,
627 1216 756 1245 lamina
782 1215 890 1244 basali
916 1215 1080 1252 breviori,
1110 1214 1145 1253 ὃς
1170 1219 1358 1256 praesertim
1384 1228 1418 1248 a·

162 1281 206 1311 lis
235 1279 413 1318 explicatis
439 1279 564 1317 longis,
601 1287 666 1308 nec
692 1278 953 1307 rudimentariis
990 1279 1213 1316 brevissimis,
1240 1290 1258 1309 a
1281 1277 1420 1322 Lepto-

166 1348 267 1380 tena,
292 1343 349 1372 cui
376 1343 418 1372 de
444 1348 562 1373 cetero
589 1346 762 1372 structura
787 1341 938 1380 partium
964 1338 999 1377 ὃς
1024 1341 1240 1372 habitatione
1265 1345 1418 1374 maxime

163 1407 347 1444 convenit;
375 1403 410 1441 ὃς·
434 1405 571 1435 tandem
597 1406 782 1435 abdomine
807 1405 956 1440 minore,
991 1404 1176 1445 palporum
1201 1411 1315 1437 rostro
1341 1408 1418 1438 bre-

163 1469 250 1501 viori
278 1470 442 1507 tenuiori,
469 1470 580 1500 oculis
605 1466 795 1508 majoribus
823 1468 945 1504 ovans,
963 1476 1028 1497 nec
1052 1469 1323 1507 sublinearibus‚
1342 1480 1419 1501 cor-

163 1543 250 1574 pore
275 1534 411 1572 parcius
445 1532 574 1571 piloso,
623 1536 661 1561 ut
687 1529 722 1567 ὃς
748 1531 811 1560 alis
837 1531 1034 1570 completis,
1060 1541 1126 1563 nec
1149 1532 1270 1571 nullis,
1296 1543 1316 1564 a
1343 1530 1420 1566 Me-

165 1594 347 1638 lophaga,
372 1594 594 1634 distingvitur
624 1592 860 1628 Ornithobia.

186 1791 222 1832 1.
258 1791 303 1830 0.
331 1787 529 1843 pallida:
567 1787 728 1827 sordide
765 1787 1141 1837 flavo-ferruginea,
1184 1787 1319 1837 capite
1349 1797 1418 1837 pe-

75 1865 277 1917 dibusque
307 1862 611 1916 pallidioribus3
651 1861 726 1900 alis
755 1861 968 1901 abdomine
1013 1860 1099 1898 fere
1132 1859 1257 1910 triplo
1288 1859 1419 1911 longi-

73 1940 226 1985 oribus,
274 1938 590 1989 puuctum-vosiS,
629 1937 742 1986 apice
790 1934 1028 1974 rotundatis.
1057 1931 1125 1986 (Γ.)
1156 1933 1299 1985 (Long.
1329 1944 1419 1973 cor-

72 2015 182 2063 poris
212 2015 378 2052 circiter
412 2011 461 2064 Ἰὲ
492 2011 561 2049 lin.
595 2008 656 2047 vel
689 2008 831 2059 paullo
863 2009 1005 2055 ultra).

188 2104 303 2156 Meig.
334 2105 439 2154 Dipt.
468 2101 506 2143 6.
537 2100 630 2141 230.
664 2100 697 2140 1.
727 2101 821 2139 Tab.
852 2100 916 2140 63.
948 2100 972 2138 f.
1011 2093 1178 2138 21-24
1228 2095 1415 2143 (thorace

70 2188 190 2228 quam
223 2180 261 2216 in
293 2183 424 2216 nostra
456 2176 682 2214 obscuriori
713 2173 752 2212 (Q
782 2174 901 2213 dente
933 2172 1118 2212 interiori
1149 2172 1188 2209 in
1217 2170 1420 2221 ungvibus

73 2256 271 2289 tarsorum
317 2253 430 2289 nimis
460 2252 637 2301 magno).
680 2247 838 2299 Macqv.
878 2247 979 2285 Buff.
1022 2245 1059 2284 2.
1089 2241 1184 2284 639.
1215 2244 1248 2283 1.
1279 2245 1323 2282 Τ.
1351 2239 1418 2284 24.

70 2324 97 2362 f.
124 2321 163 2364 9.
193 2323 256 2363 ala
302 2325 459 2369 (nervis
498 2320 866 2373 longitudinalibus
897 2319 1002 2359 infra
1048 2323 1323 2356 transversum
1351 2317 1419 2369 ju-

71 2401 133 2435 sto
169 2397 550 2448 perspicuioribus).
579 2417 632 2424 -—
662 2391 976 2446 ''Hippoboscae
1024 2391 1244 2432 cervinae?
1286 2392 1417 2443 speci-

74 2482 165 2510 men
196 2470 374 2511 alatum’'
404 2468 503 2509 Fall.
531 2467 857 2520 Haematomyzid.
887 2466 1169 2519 Supplcment.
1193 2465 1343 2515 Mum,
1374 2477 1416 2506 e-
