1452 2912
535 102 601 147 42.
639 103 901 157 Taeleypeza.
1277 105 1381 147 3011

169 214 261 253 Var.
290 226 325 252 c.
359 211 402 264 ῼ.
435 217 494 259 (in
527 215 655 256 hortis
684 217 899 268 Gryphicis
928 218 1017 255 Jun.
1041 209 1178 254 18443
1198 215 1241 254 D.
1263 216 1394 256 llalzl-

44 287 134 327 bom
168 289 407 339 frequenter
437 288 686 337 observata).

167 363 205 401 ⁴2.
242 360 285 399 Τ.
315 358 536 401 albilarsz's·
567 364 594 402 l.
624 378 660 415 p.
689 364 787 405 313.

152 436 182 474 E
221 434 449 474 Smolandia
495 437 610 486 plura
652 441 868 490 specimina
911 440 1121 489 utriusque
1163 451 1285 478 sexus
1316 441 1387 479 ob—

45 513 168 556 tinui;
206 522 286 568 [nas
317 521 482 561 quoque
514 514 552 550 in
584 512 803 565 Norwegia
836 513 881 552 ad
914 511 1193 552 Christianiam
1237 511 1342 553 ‘1844
1372 528 1391 552 a

44 586 92 626 D.
124 583 233 624 Mo&
262 584 551 634 deprehensus.

161 665 200 706 3.
239 662 285 704 Τ.
317 668 452 703 morio
484 666 513 704 1.
543 678 581 717 p.
611 663 706 706 314.

165 744 203 786 4.
245 743 290 785 Τ.
319 745 599 798 fitscoe'peum's
639 748 665 786 l.
710 760 744 798 p.
784 746 877 788 315.

168 819 296 859 Etiam
328 833 378 860 ex
410 820 555 860 Hafnia
590 817 699 863 1846
731 834 750 859 a
784 821 828 859 D.
861 818 1027 873 Sla’ger
1056 824 1360 861 communicata.

153 903 190 943 5.
227 901 272 942 Τ.
311 900 572 943 Truncornm
604 905 630 943 Ι.
662 917 697 955 p.
726 903 822 945 316.

154 984 192 1026 6.
229 984 274 1024 Τ.
306 999 487 1026 nervosa
519 987 546 1026 l.
580 1000 616 1038 p.
646 987 738 1027 317.

151 1060 193 1099 ln
222 1060 451 1100 Smolandia
496 1064 620 1101 etiam
661 1062 709 1099 ad
751 1061 913 1111 Skarsjo
952 1064 1082 1109 capta.
1114 1055 1171 1107 (ἆ
1214 1057 1260 1096 ad
1293 1057 1394 1108 Gry-

41 1133 173 1185 phiam
206 1135 302 1186 Maj.
346 1133 450 1174 1842
483 1148 503 1173 a
534 1135 579 1173 D.
612 1133 821 1173 Dalzlbom
856 1135 1020 1178 lectus).

154 1217 194 1259 7.
233 1216 276 1257 T.
292 1216 555 1267 fenestrata
587 1217 614 1256 1.
646 1229 685 1269 p.
715 1215 810 1258 318.

154 1297 191 1339 8.
229 1297 273 1338 Τ.
309 1296 450 1338 Heerz'
476 1298 503 1336 1.
535 1310 573 1349 p.
602 1297 697 1339 318.

153 1378 190 1420 9.
227 1377 273 1418 T.
305 1378 515 1418 terricola
545 1378 572 1417 Ι.
603 1391 640 1428 p.
679 1378 775 1419 320.
805 1377 906 1418 adde
946 1376 1234 1426 descriptioni:
1276 1373 1389 1412 frons

38 1460 204 1507 angusta
236 1457 370 1506 nigra,
402 1459 515 1494 certo
544 1456 624 1493 situ
646 1453 1047 1505 argenteo-micans.
1089 1449 1290 1487 Antennae
1322 1450 1397 1487 mi-

41 1535 150 1568 nutae
181 1529 312 1577 ssavae,
343 1528 505 1569 articuli
539 1529 672 1567 ultimi
704 1530 816 1580 apice
848 1532 1015 1576 setaque
1048 1525 1184 1575 nigris.

88 1639 170 1672 Obs.
199 1642 269 1672 Sul»
295 1642 447 1671 indicio:
475 1637 726 1682 '’Tacltypeza
754 1638 907 1681 apicula
935 1648 966 1666 n.
995 1635 1067 1675 sp.''
1094 1634 1318 1664 individuum
1344 1634 1392 1663 fe-

131 1707 303 1742 mineum,
335 1707 370 1735 in
395 1706 505 1735 Dania
532 1710 688 1744 captum,
717 1714 733 1732 a
766 1705 807 1733 D.
837 1700 980 1741 Stceger
1011 1699 1054 1729 1⁴
1080 1699 1159 1729 Jun.
1192 1697 1279 1728 1848
1306 1698 1395 1726 obti-

135 1771 213 1806 nui,
242 1771 333 1808 quod
361 1781 378 1798 a
414 1775 529 1799 nostra
564 1770 732 1799 varietate
777 1764 818 1798 T.
855 1764 1039 1796 terricolae
1065 1763 1115 1802 (in
1143 1760 1393 1800 descriptione)

129 1832 342 1863 ”femoribus
361 1834 502 1873 posticis
521 1835 616 1873 apice
635 1829 901 1862 snbinfuscatis'’
915 1854 921 1861 ,
939 1830 1147 1865 distinguere
1163 1834 1394 1864 nonpossum.

159 1933 220 1974 10.
257 1931 299 1972 Τ.
336 1931 582 1972 Gramttmm
615 1934 640 1972 Ι,
671 1946 707 1984 p.
740 1931 835 1972 320.

157 2009 284 2048 Etiam
321 2010 360 2047 in
392 2005 624 2046 Smotandia
657 2009 896 2058 frequenter
928 2003 1129 2047 occurrit;
1151 2000 1398 2040 D.hortula-

40 2097 114 2124 nus
146 2081 252 2123 Mo'e'
280 2083 360 2134 jam
407 2094 541 2121 mense
581 2081 717 2121 Martii
762 2080 968 2120 individua
1018 2079 1234 2127 utriusque
1274 2087 1394 2114 sexus

41 2160 116 2199 sub
148 2157 351 2209 lapidibus
382 2157 483 2196 locis
514 2157 642 2196 aridis
672 2156 718 2194 ad
759 2154 1044 2194 Christianiam
1076 2151 1304 2202 Norvvegiae
1338 2151 1396 2188 in-

48 2238 161 2274 venit
202 2233 383 2284 mihique
414 2232 743 2271 communicavit.
775 2227 866 2282 (ἆῼ
898 2243 918 2268 e
951 2227 1143 2279 Glogavia
1177 2238 1196 2264 a
1228 2224 1273 2262 D.
1305 2221 1402 2261 Zel-

45 2311 112 2349 [εν
142 2309 282 2352 missi).

167 2389 230 2428 11.
270 2385 315 2424 Τ.
358 2385 597 2426 Wintlzemz·
622 2387 649 2425 l.
680 2399 716 2438 p.
749 2383 842 2425 321.

158 2463 288 2502 Etiam
319 2460 367 2499 ad
398 2445 589 2500 Stoi-saud
620 2463 660 2501 in
690 2460 892 2514 paroecia.
922 2443 1194 2512 &svor-Lutea
1231 2449 1281 2491 16
1310 2450 1399 2495 Jun.
