1452 2912
517 115 583 157 60.
616 114 892 170 Dolae'clzopus.
1260 121 1373 165 3083

76 227 158 262 Obs.
185 228 388 268 specimina
427 231 528 268 plura
565 230 716 259 mascula
751 230 792 259 ad
820 229 1005 270 Gryphiam
1031 237 1147 271 capta,
1176 242 1246 270 quae
1273 234 1370 264 tibias

124 294 274 334 posticas
301 292 398 330 apice
423 291 481 332 (ad
508 296 612 325 finam
639 294 784 333 partem)
811 295 942 333 nigras,
968 295 1100 325 alarum
1121 296 1241 334 stigma
1261 302 1369 328 atrum

123 363 155 386 el
182 357 254 386 sere
280 356 394 385 omnia
422 358 487 387 alia
516 363 552 387 ut
580 360 614 388 in
643 355 688 388 D.
718 355 812 400 agili
834 358 978 395 habe-¹183
1007 360 1065 388 sed
1091 370 1180 389 coxa!
1202 364 1370 399 posterio-

118 431 171 452 res
197 419 270 449 sere
301 424 374 449 totae
403 422 566 458 cinereae,
595 423 694 461 apice
723 426 850 451 tantum
884 421 994 458 ssavae,
1021 424 1160 453 omnino
1197 429 1232 454 ut
1258 427 1292 455 in
1320 423 1367 457 D.

116 480 278 525 simplici
301 489 399 521 sunt,
426 487 518 516 unde
544 487 586 516 ad
611 479 702 515 luinc
728 486 862 524 potius,
889 496 989 524 quam
1015 488 1056 517 ad
1085 484 1131 518 D.
1159 487 1292 528 agilem
1317 501 1368 520 re-

116 548 268 579 serenda.
297 542 343 576 D.
372 547 483 590 agilis
507 552 612 589 igitur
638 548 796 588 ambigua
822 551 953 588 species
981 552 1064 581 mihi
1089 553 1237 583 videtur.

141 609 208 654 44.
243 615 292 648 D·
319 613 662 663 parole-andalus
693 612 729 652 2.
761 625 798 664 p.
826 611 919 653 554.

144 688 209 729 45.
241 690 286 724 D.
320 691 632 742 inconspe‘cuns
663 686 700 727 2.
730 700 768 737 p.
799 686 891 728 554.

144 761 208 804 46.
239 768 288 801 D.
316 765 521 814 parvulus
552 763 590 803 2.
621 775 657 814 p.
686 761 781 802 555.

147 838 212 879 47.
244 842 298 877 D.
332 844 517 891 exiguus
547 838 583 877 2.
616 850 652 889 p.
681 836 774 876 556.

149 914 212 956 48.
249 918 297 952 D.
323 916 590 968 plnmz'tarsis
621 912 658 951 2.
689 923 726 962 p.
763 911 857 952 556.

143 986 206 1030 49.
244 1000 293 1033 D.
324 989 486 1030 nitidus
517 987 555 1028 2.
587 999 623 1038 p.
651 985 744 1026 558.

143 1061 200 1116 (3⁸
230 1067 280 1105 ad
312 1077 454 1116 pagum
483 1062 659 1101 Moahile
691 1072 817 1112 prope
864 1061 1096 1101 Berolinum
1137 1064 1181 1103 12
1211 1064 1371 1105 sut-6

26 1137 125 1189 Aug.
161 1137 264 1180 1842
295 1153 316 1179 a
348 1139 391 1178 D.
428 1135 630 1176 Dalzlbom
664 1135 767 1174 haud
800 1148 919 1187 parce
960 1137 1097 1190 visus.)

142 1213 208 1254 50.
241 1213 294 1256 D.
323 1204 609 1266 grc'seipetiuis
639 1209 675 1249 2.
706 1222 742 1262 p.
772 1208 865 1250 559.
895 1232 946 1239 —
982 1209 1034 1250 Ι).
1066 1211 1228 1252 ιη’ἰίάαε
1258 1213 1376 1264 Staeg.

30 1287 240 1340 Dolicbop.
275 1290 336 1329 15,
366 1286 402 1329 4.
432 1286 512 1340 (ζῼ.

144 1364 187 1402 ln
216 1364 355 1404 Scania
399 1365 446 1403 ad
490 1363 664 1402 Silffikra
705 1361 731 1402 6
762 1362 862 1414 Aug.
898 1357 1004 1403 1846
1043 1369 1186 1415 captus
1218 1377 1236 1403 a
1269 1364 1376 1404 Prof.

38 1434 295 1490 Walzlberg‚
327 1441 396 1491 qui
430 1440 602 1478 eundem
646 1440 685 1476 in
718 1436 885 1476 Bahusia
926 1436 1027 1477 1842
1059 1441 1178 1477 etiam
1212 1441 1376 1479 invenit.

140 1511 205 1552 51.
242 1511 294 1553 Ι).
341 1511 513 1552 Stanm'c'
553 1512 589 1551 2.
633 1525 670 1564 p.
699 1510 794 1551 560.
829 1535 880 1541 ——
917 1510 1225 1560 l).fraternus
1255 1514 1372 1567 Staeg.

27 1586 294 1638 Dolichopod.
333 1583 391 1627 14.
423 1588 461 1627 2.
493 1584 577 1638 ςζῼ.

140 1662 220 1707 (Ad
264 1661 485 1714 Gryphiam
530 1662 609 1700 Jul.
661 1660 761 1703 1845
808 1669 980 1714 uterque
1031 1675 1149 1702 sexus
1202 1663 1372 1703 Domino

36 1733 241 1774 Duhlbom
274 1739 417 1787 passim
449 1737 622 1783 obvius.)

142 1810 207 1850 52.
244 1809 296 1849 Ι).
329 1815 574 1863 campestris
606 1811 642 1851 2.
674 1824 710 1863 p.
740 1808 836 1850 562.

141 1883 206 1924 53.
243 1883 293 1925 Ι).
311 1883 521 1937 fulgidus
553 1886 589 1926 2.
620 1898 655 1937 p.
686 1884 781 1925 563.

91 1974 176 2008 Οὓς.
205 1979 388 2018 Postquam
417 1980 489 2010 Cel.
519 1978 662 2020 Slaeger
686 1989 745 2018 per
770 1979 902 2007 litteras
930 1975 970 2005 ad
999 1976 1032 2006 id
1060 1986 1114 2005 me
1141 1981 1305 2007 attentum
1327 1979 1372 2007 se-

122 2044 186 2079 cit,
215 2044 305 2082 quod
333 2044 513 2082 ‹liagnnses
541 2049 573 2073 el
599 2044 849 2082 descriptiones
877 2041 1017 2079 singulae
1045 2039 1077 2069 in
1096 2041 1248 2080 Dipteris
1269 2043 1372 2073 Scan-

116 2107 256 2136 dinaviae
283 2118 341 2146 pro
369 2106 511 2146 singulis
539 2109 717 2147 speciebus
755 2103 800 2136 D.
833 2103 1033 2145 campestri
1057 2110 1090 2134 et
1112 2102 1285 2147 fulgido,
1315 2109 1363 2136 in·

121 2175 172 2200 ter
197 2180 232 2200 se
259 2178 477 2211 comparata,
506 2174 558 2203 vix
587 2173 671 2202 tales
698 2172 866 2211 praeheant
894 2174 1010 2206 nolas,
1038 2174 1073 2197 ut
1100 2180 1201 2200 unam
1222 2171 1370 2210 speciem

125 2236 165 2264 ab
192 2235 299 2265 altera
325 2237 533 2275 ‹listingvere
559 2238 665 2276 possit
693 2237 919 2270 examinator.
948 2234 1372 2272 exemplainconectione

122 2308 198 2328 mea
223 2302 398 2338 praesentia
425 2303 636 2331 adcuratiori
665 2301 813 2330 examini
840 2296 993 2337 subjeci,
1022 2303 1073 2334 et,
1099 2300 1183 2330 licet
1201 2301 1371 2339 specimen

123 2362 360 2393 Fanenianum
387 2367 534 2406 typicum
561 2366 750 2396 masculum
781 2361 825 2394 D.
852 2361 1011 2404 fulgidi,
1034 2360 1107 2401 jam
1141 2369 1310 2393 vetustum
1340 2369 1372 2392 et

129 2427 223 2456 haud
250 2428 376 2466 optime
403 2437 665 2466 conservatum,
694 2440 710 2458 a
737 2428 860 2458 ceteris
887 2429 970 2457 meis
996 2427 1200 2464 individuis,
1236 2432 1267 2456 et
1293 2428 1371 2457 Sca-

125 2491 307 2528 nensibus,
334 2496 367 2521 et
392 2493 641 2534 Ostrogothicis
669 2499 702 2522 et
725 2491 887 2528 Danicis,
913 2501 984 2530 quae
1008 2492 1122 2522 omnia
1148 2492 1189 2521 ad
1205 2488 1258 2524 D.
1276 2500 1369 2522 cam-
