1452 2912
497 151 575 193 197
605 155 658 199 a).
692 148 906 190 March-ta.
1258 151 1369 194 2719

23 278 247 320 earumque
276 280 396 308 succo
427 269 674 315 exstillante,
705 267 743 307 d:
775 268 907 318 fungis
945 267 1128 307 arboreis
1157 269 1367 317 (Bolclis),

25 342 106 380 Jul.
133 342 233 392 Aug.
262 345 420 392 passim,
453 342 549 381 mihi
583 344 621 380 in
655 342 860 392 Lapponia
894 340 932 377 (Ω
962 340 1105 380 Svecia
1133 342 1261 381 media
1282 350 1368 382 lan-

25 419 107 452 tum
138 414 272 461 obvia,
317 417 357 453 in
399 415 654 453 meridionali
687 426 765 452 non
810 415 1038 460 observata,
1069 421 1265 464 qnantum
1297 430 1368 455 no-

24 489 174 532 verim3
214 487 372 526 scilicet
420 490 456 525 in
488 486 747 538 Ostrogothia
779 487 827 525 ad
858 487 1011 525 Gusum
1063 485 1329 541 (Waltlberg
1357 521 1366 537 ‚

22 559 247 610 Lai-ketorp
277 559 317 598 ὧ
360 560 596 608 Wadslena‚
629 563 735 611 ipse;
781 562 821 598 in
854 560 1057 611 Lapponia
1106 561 1267 601 Umensi
1316 564 1363 601 ad

21 633 218 684 Lyckscle
251 633 290 672 ὠ
320 634 610 679 Wilbelmina;
644 636 683 672 in
716 633 933 685 Norwegia
965 635 1012 671 ad
1047 634 1251 686 Bossekop
1278 635 1367 675 Fin-

23 707 188 746 markiae
220 709 359 746 rarius.

65 895 139 935 ὀᾭ.
186 891 342 928 Robusta
368 903 468 928 ovata
503 884 621 937 opaca.
672 898 780 926 Frons
816 895 1043 935 sulnlepressa
1090 898 1245 934 cinerea,
1272 900 1364 929 vittis

110 962 131 991 2
153 961 235 994 latis
261 961 544 999 obscurioribus3
593 969 654 989 seu
690 959 843 988 exactius
893 960 1040 989 obscure
1066 961 1219 996 cinerea,
1246 963 1367 992 orbitis

112 1023 297 1052 oculorum
325 1021 360 1059 ὃς
384 1024 521 1053 macula
546 1025 582 1052 in
615 1023 744 1051 verlice
770 1022 904 1058 trigona
939 1023 1051 1059 canis;
1088 1027 1158 1051 lota
1184 1033 1303 1062 opaca,
1329 1035 1367 1054 u-

114 1087 254 1124 trinque
303 1087 384 1115 setis
410 1085 431 1114 4
456 1086 561 1123 nigris
598 1084 752 1114 recurvis
777 1083 898 1120 aequali
925 1084 1035 1121 spalio
1061 1086 1206 1114 remotis
1233 1092 1365 1117 ornata.

110 1150 239 1179 Vertex
265 1145 301 1184 &f
325 1149 421 1186 regio
449 1148 644 1177 ocellorum
670 1155 773 1184 parce
798 1150 927 1175 setosa.
969 1147 1132 1176 Autennae
1156 1146 1365 1186 majusculae,

107 1216 257 1247 remum,
292 1211 449 1240 articulis
475 1211 495 1240 2
522 1211 695 1240 basalibus
743 1209 954 1238 brevissimis
988 1210 1082 1245 atris,
1130 1209 1256 1240 horum
1282 1213 1364 1242 2:‹lo

106 1284 255 1313 superne
281 1273 392 1302 selula
419 1274 566 1310 munito,
593 1273 717 1302 ultimo
744 1272 845 1308 flavo,
874 1282 1022 1310 superne
1058 1276 1138 1302 ante
1164 1273 1262 1303 basin
1288 1280 1366 1305 selae

107 1337 241 1367 macula
267 1337 375 1374 nigra,
409 1340 482 1365 seta
507 1337 654 1366 obscura
689 1336 838 1366 articulo
865 1336 957 1364 ltmo
997 1335 1134 1364 ssavido.
1184 1335 1363 1374 Epistoma

105 1402 220 1436 breve,
247 1400 346 1439 apice
374 1410 392 1428 e
417 1400 527 1429 latere
552 1400 663 1429 visum
688 1400 816 1429 leniter
840 1398 1089 1438 prominulum,
1117 1402 1226 1428 tolum
1245 1410 1365 1439 argen-

105 1463 317 1500 teo-album5
343 1462 479 1491 inferne
506 1463 668 1500 utrinque
694 1463 775 1491 setis
802 1462 998 1502 mystacinis
1016 1461 1172 1491 subbinis
1190 1461 1270 1501 (nec
1288 1464 1363 1503 plu-

106 1535 161 1555 res
187 1523 361 1565 numero).
410 1525 514 1555 Genae
540 1525 669 1554 selulis
703 1525 863 1564 pluribus
913 1525 1036 1553 erectis
1070 1525 1218 1555 munilae.
1266 1527 1364 1567 Palpi

105 1589 300 1618 subexserti
324 1589 503 1617 latinsculi
550 1588 640 1624 ssavi,
667 1587 940 1627 nigro-pilosuli.
990 1587 1172 1616 Proboscis
1221 1590 1363 1620 sordide

104 1656 267 1682 testacea.
317 1651 419 1681 Oculi
445 1652 599 1688 rotundi,
627 1652 736 1681 latere
761 1651 874 1680 insero
903 1650 1077 1679 subrecto.
1126 1649 1264 1681 Thorax
1289 1652 1362 1682 laete

106 1715 279 1750 cinereus,
306 1713 409 1743 dorso
437 1715 672 1752 nigro-setoso
692 1701 1085 1750 immaculan›‚'pleuris
1105 1712 1196 1742 vittis
1222 1715 1242 1742 2
1268 1715 1361 1745 hori-

103 1777 298 1806 zonlalibus
349 1778 526 1814 brunneis,
553 1788 619 1807 una
666 1779 701 1807 in
736 1778 865 1813 medio,
915 1776 1025 1805 altera
1050 1774 1257 1816 (superiori)
1282 1788 1363 1808 mox

102 1840 165 1868 sub
192 1840 256 1868 alis
283 1850 301 1868 a
327 1841 437 1878 capite
486 1841 529 1870 ad
553 1841 826 1870 metathoracein
862 1844 1016 1868 extensa.
1067 1839 1262 1868 scutellum
1287 1841 1362 1870 laele

105 1903 296 1932 cinereum.
345 1904 526 1932 Abdomen
551 1905 730 1933 cinereum
777 1904 968 1942 pubescens
1005 1899 1039 1936 ὃς
1073 1901 1279 1939 setulosum,
1326 1905 1363 1934 in

102 1965 239 2003 singulo
267 1971 524 2003 segmenlorum
549 1967 582 2003 3,
607 1966 629 1995 4
655 1964 690 2002 ὃς
714 1967 734 1996 5
759 1967 896 2006 punctis
922 1966 941 1994 2
967 1965 1202 1993 mediocribus
1236 1967 1359 1996 subl-{i-

105 2028 328 2066 angularibus
357 2026 391 2064 ὃς
417 2030 458 2058 ad
484 2030 593 2059 latera
619 2030 762 2059 maculis
789 2030 923 2067 aliquot
948 2028 1237 2064 indeterminans,
1258 2030 1359 2059 b'run-

105 2091 190 2120 neis.
241 2092 309 2121 Alae
333 2093 422 2129 latae,
450 2093 642 2123 albido-vel
676 2092 991 2131 cinereo-hyalinae,
1041 2090 1152 2119 nervis
1178 2091 1359 2122 distinctis.

105 2154 213 2183 Nervi
241 2156 425 2184 lransversi
452 2156 631 2186 fuscedine
657 2157 772 2191 cincti,
798 2157 922 2185 horum
958 2154 1154 2183 ordinarius
1180 2158 1233 2183 sat
1255 2155 1360 2194 longe

117 2226 135 2245 a
158 2218 313 2255 margine
340 2219 480 2248 distans.
526 2219 578 2249 Ad
605 2220 737 2258 apicem
764 2220 861 2248 nervi
886 2218 1089 2258 {auxiliaris
1114 2218 1251 2246 macula
1275 2228 1360 2258 pun-

103 2280 274 2310 clisormis
307 2282 416 2319 nigra.
467 2283 520 2311 Ad
553 2282 788 2311 anaslouiosin
836 2291 1022 2311 nervorum
1053 2281 1362 2318 longitudinalinm

104 2343 123 2371 2
151 2340 186 2378 ὃς
209 2344 229 2372 3
256 2343 353 2373 adest
386 2345 490 2374 eliam
525 2344 661 2374 macula
686 2354 787 2382 parva
821 2344 928 2380 fusca,
957 2342 992 2380 ὃς
1017 2353 1144 2373 nervus
1180 2344 1359 2372 auxiliaris

104 2405 140 2433 in
164 2406 279 2435 medio
329 2408 466 2436 tandem
491 2406 619 2437 leniter
653 2408 801 2436 obscure
849 2409 988 2443 tinctus,
1015 2407 1075 2436 sed
1100 2405 1232 2435 nullam
1257 2406 1359 2435 aliam

107 2467 274 2503 picturam
300 2468 432 2498 alarum
458 2471 492 2498 in
519 2479 641 2500 novem
668 2471 752 2500 meis
779 2471 1022 2509 speciminibus
1049 2469 1239 2499 observavi.
1276 2468 1358 2497 Ner-
