1452 2912
505 96 570 138 60.
622 93 899 147 Dolichopus.
1262 95 1375 138 3089

145 213 408 268 Sybistroma
440 215 610 251 mim'ma
639 208 755 260 Staeg.
789 210 829 248 in
861 208 941 247 litt.
975 203 1024 245 14
1054 205 1143 244 Jun.
1180 205 1294 248 1848.

140 290 242 330 Hah.
274 291 311 327 in
360 287 505 333 Dama,
548 286 591 324 D.
625 280 813 334 Sloeger,
853 285 923 335 qui
956 280 1076 331 hujus
1105 277 1132 318 4
1163 294 1290 321 mares
1331 289 1372 322 et

30 367 48 405 1
83 366 272 406 feminam
305 362 402 401 mihi
434 362 554 399 misit.

72 457 146 497 ὀᾯ.
184 459 332 492 Parvus,
372 452 656 509 antlecedentihus
689 449 792 490 hujus
826 446 1071 479 subdivisionis
1106 446 1228 476 minor.
1265 447 1373 477 Frons

114 523 203 558 lata,
229 522 263 551 in
290 519 396 549 fundo
423 527 529 553 aenea,
557 517 616 546 sed
643 521 738 545 certo
773 515 841 543 situ
867 512 1112 545 albo-micans,
1138 516 1265 549 puncto
1281 512 1373 542 ocel-

116 587 230 628 lorum
258 585 418 614 obscum.
446 583 608 612 Antennae
632 581 667 608 in
695 576 726 610 ὁ
757 577 975 615 longitudine
1009 574 1145 613 capitis,
1174 575 1208 603 in
1234 576 1258 612 ῼ
1287 586 1370 605 no..-

113 651 198 682 nihil
225 648 422 682 breviores,
449 645 596 675 articulo
625 644 750 672 ultimo
777 642 813 671 in
840 646 990 678 utroque
1016 648 1101 668 sexu
1124 643 1247 675 ovato,
1275 640 1371 678 apice

116 716 265 751 obtuso3
293 717 368 741 101ae
395 715 493 747 atrae,
519 714 593 738 seta
618 708 754 737 modice
780 706 883 743 longa
909 704 1000 733 nuda
1027 703 1141 740 nigra,
1170 703 1368 732 biarticula-

119 786 168 817 ta,
195 777 342 808 articulo
370 776 462 804 ltmo
490 774 612 803 ultimo
641 771 803 801 breviori.
831 771 876 799 Os
901 771 1098 797 retractum.
1126 766 1220 804 Paipi
1236 767 1371 803 minuti,

119 845 218 882 nigri.
259 840 440 870 Proboscis
475 839 508 867 in
544 836 732 883 specimine
767 834 917 862 femineo
959 831 1032 860 viso
1072 834 1227 866 exserta,
1266 832 1373 869 nigra.

114 909 235 939 Pectus
270 905 509 934 schisma-eum.
556 901 625 930 Alae
668 900 794 928 leniter
822 895 1058 925 fusco-tinctae.
1101 893 1203 922 Nervi
1239 894 1258 922 3
1294 898 1325 922 et
1352 893 1372 922 4

118 968 387 1009 iongitudinales
414 975 534 996 versus
560 965 691 1004 apicem
716 961 894 992 lenissime
920 957 1165 998 approximali,
1192 958 1226 986 in
1253 958 1276 994 Ω
1303 958 1375 987 fere

115 1034 292 1076 paralleli3
326 1032 451 1061 horum
485 1029 576 1058 4:tus
608 1029 641 1057 in
677 1028 750 1066 ipso
787 1026 882 1064 apice
917 1022 976 1051 alae
1012 1020 1101 1059 apud
1138 1021 1162 1057 ῼ
1199 1022 1372 1057 excurrit,

113 1100 206 1130 idem
233 1106 313 1127 vero
341 1095 432 1134 apud
459 1091 490 1126 d*
516 1093 589 1122 sere
624 1096 701 1120 ante
736 1090 867 1128 apicem
893 1096 954 1116 seu
981 1094 1061 1114 mox
1088 1089 1166 1113 ante
1201 1094 1371 1114 summum

115 1165 247 1204 apicem
283 1159 454 1189 educitur.
489 1157 619 1195 Stigma
658 1155 803 1184 nullum.
837 1152 992 1189 Squamae
1025 1157 1132 1186 parva»
1160 1152 1192 1176 et
1219 1147 1370 1177 halteres

115 1227 214 1262 flava,
241 1224 350 1254 Pedes
376 1222 464 1252 ssavi.
493 1222 592 1251 Coxae
628 1219 744 1248 anticae
777 1218 846 1246 ima
872 1213 943 1244 basi
971 1213 1136 1246 cinereae,
1165 1212 1373 1249 posteriores

116 1293 260 1321 cinereae
285 1288 382 1327 apice
407 1286 510 1316 ssavae.
545 1284 693 1313 Femora
728 1281 858 1320 postica
897 1279 939 1307 ad
966 1277 1097 1315 apicem
1131 1285 1279 1314 superne
1305 1285 1373 1304 ma-

119 1356 198 1386 cula
233 1362 333 1392 parva
372 1352 547 1386 brunnea3
588 1348 674 1376 uhiae
709 1345 846 1384 posticae
880 1343 977 1381 apice
1011 1340 1150 1369 circiter
1182 1340 1222 1367 ad
1257 1340 1374 1367 3:1iam

114 1424 245 1460 partem
274 1417 379 1446 totius
408 1412 516 1449 tibiae,
552 1412 704 1448 tarsique
745 1408 869 1447 postici
914 1406 997 1441 toti,
1023 1403 1130 1441 nigra.
1158 1402 1254 1432 Tarsi
1281 1407 1373 1432 ante-

115 1486 227 1514 riores
253 1481 361 1516 fusci,
388 1479 459 1507 basi
485 1476 613 1506 ssavidi.
640 1474 742 1503 Tibiae
768 1471 978 1510 posteriores
1014 1476 1116 1506 parce
1143 1467 1373 1505 nigro-spinu-

118 1549 212 1578 losae.

145 1628 213 1669 72.
248 1625 300 1666 1).
329 1623 573 1677 patellatus
604 1619 640 1659 9.
673 1631 708 1670 p.
738 1615 831 1658 583.
861 1638 911 1643 —
946 1610 1206 1664 Sybistroma
1229 1611 1373 1662 patel-

27 1707 135 1759 lz'pes
164 1701 261 1742 Zell.
292 1701 361 1740 lsis
397 1697 513 1738 1842.
547 1709 583 1748 p.
614 1692 707 1734 833.
740 1691 775 1731 1.
814 1687 863 1742 ἆ.

143 1777 210 1818 73.
246 1775 296 1815 Ι).
328 1772 591 1814 obscuremus
622 1769 659 1808 2.
690 1780 727 1819 p.
756 1762 849 1806 584.

148 1848 214 1892 74.
251 1848 302 1889 Ι).
333 1847 546 1889 ventralis
576 1845 612 1883 2.
652 1855 689 1894 p.
718 1839 813 1881 585.

148 1926 213 1967 75.
252 1923 302 1963 l).
332 1924 553 1975 gratiosus
584 1917 620 1956 2.
651 1929 688 1967 p.
728 1911 822 1954 586.

147 1999 214 2042 76.
249 1997 301 2038 Ι).
333 1993 569 2047 dt‘aplmmes
601 1992 638 2030 ¹2.
668 2003 705 2042 p.
734 1986 826 2028 587.

150 2075 346 2123 (Feminae
376 2070 517 2122 plures
547 2070 585 2107 in
617 2064 853 2118 graminosis
883 2058 932 2097 ad
962 2055 1113 2095 Etdena
1133 2065 1257 2105 prope
1273 2050 1376 2101 Gry—

30 2152 164 2205 phiam
196 2156 237 2190 et
282 2148 330 2187 ad
375 2145 575 2184 stetinum
616 2139 709 2189 Maj.
738 2138 827 2176 Jun.
875 2129 978 2173 1842
1025 2144 1046 2168 a
1094 2128 1136 2167 D.
1172 2124 1374 2167 Dalzlbom

35 2227 162 2265 lectae.
201 2224 413 2274 Specimen
454 2219 673 2257 femineum
716 2210 938 2252 femoribus
968 2206 1150 2244 obscuris
1180 2215 1201 2241 e
1232 2199 1376 2250 Gloga-

34 2303 97 2339 via
129 2312 149 2337 a
183 2298 226 2336 D.
257 2294 406 2335 Zeller
438 2296 596 2333 missum
629 2288 748 2340 hujus
779 2288 953 2326 varietas
994 2280 1183 2322 videtur.)

152 2371 218 2412 77.
248 2368 306 2409 D.
338 2366 666 2418 leucoceplmlecs
697 2365 734 2403 2.
764 2375 800 2413 p.
831 2357 925 2400 589.

80 2477 144 2507 Pro
172 2472 394 2504 distinctione
422 2480 440 2500 a
467 2468 513 2504 D.
541 2463 699 2510 confini,
728 2463 832 2495 addas
865 2462 899 2492 in
928 2456 1106 2496 diagnosi:
