1452 2912
425 147 505 186 192
534 145 592 192 b).
622 141 933 196 Ampkz'pogon.
1225 141 1336 179 2685

105 270 241 307 longata
265 264 366 294 nuda.
413 264 521 294 Frons
553 264 623 293 lata
654 273 806 293 convexa
838 263 932 293 haud
964 262 1172 302 prominens,
1206 261 1335 300 glabra.

105 331 217 363 Ocelli
241 330 260 359 3
285 330 321 358 in
351 328 479 358 vertice
513 337 666 357 convexo
701 333 816 358 setoso
852 327 1114 365 conglomerati.
1162 324 1338 362 Epistoma

103 394 192 424 insta
217 392 337 422 oculos
363 392 479 431 paullo
505 392 717 421 descendens
743 390 1000 421 breviusculum
1035 388 1336 428 perpendiculare,

103 457 238 487 inferne
262 457 298 485 in
324 454 355 488 ὅ
381 457 570 492 barbatum,
595 457 630 485 in
656 457 679 494 ῼ
709 461 780 485 seta
816 456 1004 496 mystacina
1031 454 1190 491 elongata
1214 451 1337 490 rigida.

103 524 274 560 Apertura
293 521 362 550 oris
381 531 442 559 pro
464 520 665 559 receptione
682 520 847 549 haustelli
865 517 1231 555 rotundato-oblonga.
1247 515 1338 545 Hau-

100 584 242 614 stellum
267 583 482 622 longitudine
509 583 645 613 dimidii
669 584 802 622 capitis,
829 583 903 612 basi
937 586 1131 620 angustum,
1157 589 1275 610 versus
1302 589 1334 608 a-

101 649 214 688 picem
239 647 518 682 crassiusculum,
543 648 750 685 proboscide
777 646 901 686 apicali
926 646 1093 675 mediocri
1119 645 1142 675 l.
1163 645 1337 674 minuscu-

110 712 145 741 la
170 711 338 750 puberula
363 711 545 739 clavatum.
594 712 687 750 Palpi
714 712 833 741 breves
861 711 1053 740 filiformes.
1102 709 1206 739 Genae
1229 707 1340 745 longi·

103 776 242 805 usculae.
269 775 372 804 Oculi
396 775 589 805 mediocres
615 776 755 804 rotundi
782 776 877 805 nudi.
927 775 1064 804 Thorax
1097 773 1266 810 oblongus
1290 771 1342 800 lae-

100 840 171 876 ·vis,
197 838 362 868 lateribus
387 839 587 877 impressus,
622 840 750 877 absque
787 844 905 869 sutura
932 844 1136 874 transversa,
1162 836 1262 869 callis*
1282 835 1345 865 hu·

105 904 293 934 meralibus
319 907 370 932 sat
403 903 593 941 distinctis3
628 903 730 932 dorso
766 904 965 932 tenuissime
999 901 1200 941 puberulus,
1227 899 1271 929 ad
1294 899 1343 928 la-

109 972 183 997 tera
210 964 245 1002 ὃς
268 967 400 1005 postice
424 975 526 1005 parce
551 966 660 1004 rigide
687 971 833 995 setosus.
859 966 1053 996 Scutelluin
1078 965 1270 1000 mediocre,
1287 963 1345 992 ob-

107 1036 183 1061 tuse
216 1030 438 1068 triangulare,
472 1040 673 1066 convexum,
707 1032 861 1068 margine
896 1030 976 1059 setis
1002 1028 1023 1057 4
1054 1029 1187 1058 validis.
1235 1027 1345 1058 Meta-

108 1095 231 1124 thorax
255 1093 507 1131 longiusculus.
556 1094 733 1122 Abdomen
763 1094 974 1132 elongatum,
995 1093 1179 1129 segmentis
1205 1092 1224 1120 6
1250 1088 1345 1129 (ana-

110 1159 137 1187 li
163 1167 231 1187 non
256 1155 469 1196 computato)
496 1157 652 1194 subaeque
686 1157 810 1195 longis.
859 1157 927 1186 Alae
957 1155 1183 1194 longiusculae
1208 1155 1347 1184 modice

105 1222 194 1258 latae,
219 1221 468 1257 incumbentes,
495 1221 606 1250 nervis
633 1221 771 1250 omnino
799 1225 836 1250 ut
862 1222 897 1250 in
931 1205 1166 1250 Macrochira
1196 1219 1349 1254 directis,

109 1286 170 1315 sed
195 1290 387 1315 transverso
414 1285 590 1314 ordinario
617 1287 757 1324 propius
783 1286 824 1315 ad
848 1285 1037 1323 marginem
1069 1284 1272 1313 interiorem
1297 1292 1350 1312 re-

108 1354 227 1386 tracto,
253 1350 299 1379 ita
323 1354 362 1378 ut
388 1350 480 1379 5:tus
506 1349 768 1387 longitudinalis
802 1350 890 1379 infra
915 1349 1015 1378 illum
1049 1348 1188 1377 brevior
1213 1346 1346 1376 evadat.

109 1414 228 1451 Aluhe,
252 1414 402 1444 halteres
431 1411 465 1449 ὃς
491 1424 635 1452 squamae
661 1418 699 1442 ut
723 1414 757 1442 in
790 1414 1014 1453 praecedente.
1066 1413 1173 1442 Pedes
1208 1420 1348 1449 quoque

109 1483 147 1508 ut
174 1480 209 1508 in
234 1479 343 1518 priori
369 1478 571 1514 constructi,
599 1478 659 1506 sed
693 1478 827 1507 femora
857 1479 990 1517 postica
1024 1478 1096 1506 basi
1128 1477 1163 1505 in
1190 1473 1221 1507 d*
1245 1475 1349 1512 longe

117 1540 152 1577 ἐς
178 1543 283 1572 dense
308 1543 432 1581 pilosa.
485 1538 595 1571 Color
619 1541 850 1579 ferrugineus,
885 1542 1078 1571 abdominis
1111 1541 1219 1578 niger.
1272 1535 1350 1568 Μο-

113 1610 154 1636 tu
179 1616 248 1636 non
274 1606 384 1644 agilis,
410 1605 544 1635 volatus
571 1605 693 1634 brevis.
721 1601 917 1636 Habitatio
943 1606 977 1634 in
1002 1605 1095 1634 foliis
1121 1605 1284 1633 fruticum
1311 1600 1347 1639 &Q

109 1670 249 1709 Fungis.
298 1666 525 1712 Dfferelztia
550 1677 655 1699 swas
689 1670 846 1708 eviden53
895 1678 990 1699 mas:
1024 1669 1239 1707 epistomate,
1283 1676 1348 1696 ano

107 1734 367 1772 femoribusque
400 1733 543 1773 posticis
578 1734 709 1770 subtus,
744 1734 911 1771 barbatis3
939 1730 1112 1774 femina.-
1148 1733 1351 1771 epistomate

110 1799 274 1836 utrinque
301 1802 373 1827 seta
398 1798 510 1834 unica,
537 1807 602 1827 ano
624 1781 730 1827 *acuto
756 1798 1016 1836 femoribusque
1028 1797 1141 1826 nudis.
1168 1813 1204 1819 -
1233 1795 1351 1825 Genus

106 1862 173 1892 hoc
196 1861 503 1899 VVahlbergianum
535 1862 644 1900 priori
664 1862 858 1900 proximum
885 1859 920 1898 &Q
945 1861 1058 1897 affine,
1091 1860 1152 1889 sed
1177 1860 1287 1888 oculis
1316 1856 1351 1896 ὃς

120 1926 230 1965 palpis
255 1925 456 1962 minoribus,
483 1930 709 1956 antennarum
735 1931 807 1956 seta
832 1927 916 1962 basi,
946 1935 1009 1954 nec
1033 1924 1148 1954 medio
1176 1923 1281 1960 dorsi,
1300 1933 1350 1952 ar-

119 1990 217 2019 ticuli
239 1989 354 2019 ultimi
379 1991 454 2027 sita,
480 1991 612 2020 aiarum
645 2001 749 2021 nervo
778 1996 969 2021 transverso
996 1987 1171 2018 ordinario
1199 1987 1241 2016 ad
1264 1996 1353 2016 mar-

117 2054 229 2092 ginem
253 2054 394 2093 propius
418 2058 580 2090 retracto,
605 2056 640 2084 in
666 2054 698 2088 d*
725 2057 929 2096 epistomate
956 2053 1009 2083 vel
1034 2052 1140 2091 genis,
1160 2060 1224 2080 ano
1242 2050 1352 2080 femo-

117 2119 282 2157 ribusque
306 2118 410 2157 longe
435 2118 596 2155 barbatis,
623 2116 711 2156 Sca,
737 2130 820 2150 vere
847 2116 882 2156 &Q
907 2118 1119 2149 sufficienter
1144 2116 1354 2146 distinctum.

148 2274 184 2310 1.
214 2272 269 2311 A.
304 2271 554 2326 Spectrmn:
585 2273 839 2325 ferrugineus
865 2276 1277 2327 nitidus‚epist0mate
1297 2272 1354 2312 al-

33 2344 147 2393 bid03
179 2347 352 2387 thoracis
381 2348 509 2395 lineis,
539 2347 764 2394 abdomine,
793 2349 938 2399 pedum
978 2352 1202 2389 anticorum
1235 2348 1355 2400 posti-

33 2430 253 2471 corumque
295 2422 514 2462 semoribus
553 2422 741 2475 tibiisque
782 2425 897 2475 apice
935 2427 1132 2477 tarsisque
1163 2424 1259 2462 totis
1295 2422 1355 2459 ni-

1153 2498 1234 2535 339
