1452 2912
281 159 371 196 186.
401 154 724 207 Plalycephala.
768 157 858 194 187.
898 154 1166 208 fflleromyza.
1283 159 1392 196 2585

96 277 177 311 Oba.
225 279 317 308 Huic
355 277 470 315 generi
505 276 621 305 habitu
651 273 687 311 ὃῒ
711 280 842 305 statura
874 279 1031 315 proxime
1070 278 1203 307 accedit
1234 277 1390 315 Meigeni

132 339 292 378 Ειινίηιι,
304 351 374 379 quae
391 345 503 369 tamen
515 340 671 368 antennis
684 339 898 369 brevioribus
911 337 946 376 ὃς
956 340 1146 371 femoribus
1158 342 1297 379 posticis
1310 342 1388 370 sim-

130 406 276 444 plicibus
291 405 451 444 generice
477 403 707 440 distingvitur.
736 420 774 425 —
801 399 950 434 Earina
967 402 1102 443 lurida,
1124 401 1222 442 cujus
1243 405 1352 443 patria
1372 414 1391 432 a

129 470 171 499 D.
199 465 487 510 Meigenignota,
513 463 548 501 &Q
573 476 645 503 quae
664 466 705 495 ad
729 466 915 496 Bordeaux
934 466 1054 496 Galliae
1078 477 1096 496 a
1120 467 1163 497 D.
1193 463 1390 506 Macqvart

135 533 278 562 inventa
305 532 420 566 fuerit,
449 540 590 569 quoque
617 530 659 559 ad
684 530 874 559 Rosentlial
900 540 1008 570 prope
1036 531 1222 570 Gryphiam
1248 531 1288 558 ab
1307 539 1388 558 ocu-

134 596 301 625 latissimo
329 591 510 625 Dtlltlhom
536 579 659 623 RIense
684 593 787 623 Junio
818 592 907 624 1844
931 594 964 622 in
985 593 1110 632 plantis
1135 593 1312 632 paludosis
1339 593 1388 622 le-

135 664 188 689 cta
214 660 369 697 mihique
396 658 544 695 benigne
570 657 835 687 communicata.
884 657 1002 686 Victus
1027 658 1134 695 igitur
1159 667 1197 686 ac
1222 653 1390 697 Platyce-

133 721 256 764 plcalae
280 723 385 752 idem.
412 718 681 762 Platycept'tala
709 719 745 757 &5
760 717 908 751 Eurirm
933 721 1036 750 etiam
1057 721 1156 749 valde
1174 720 1294 749 affines
1312 724 1391 748 sunt

140 783 351 828 Oxyrlcinae‚
378 786 497 824 generi
522 785 557 813 in
582 784 648 813 hoc
674 794 778 823 opere
804 794 835 822 p.
862 784 948 814 1953
984 784 1046 812 sub
1083 794 1139 813 u:o
1167 783 1231 812 143
1258 784 1387 812 inveni-

138 850 249 887 endo;
277 850 336 878 sed
362 858 508 888 corpore
535 848 676 877 omnino
712 848 818 883 nudo,
853 858 916 877 nec
950 848 1100 883 verticis,
1136 847 1286 877 thoracis
1313 856 1387 875 scu-

136 913 281 951 tellique
307 913 387 942 setis
413 913 564 946 munitae,
598 911 730 940 alarum
765 912 876 940 nervis
904 912 1106 940 transversis
1133 911 1240 949 magis
1268 919 1388 948 appro-

135 977 287 1012 ximatis,
322 979 442 1013 praeter
467 975 551 1003 alias
577 978 676 1002 notas
702 974 743 1002 ab
774 971 968 1014 Oxyrhina
996 974 1101 1003 facile
1127 975 1387 1012 dignoscuntur.

365 1310 473 1357 187.
511 1309 888 1359 MEROMYZA
924 1310 1073 1372 Meig.

93 1425 235 1468 Corpus
259 1436 413 1467 parvum,
440 1430 652 1467 elongatum,
678 1432 903 1469 subopacum,
932 1434 1201 1469 breviusculum,
1221 1434 1387 1471 glabrum,

136 1491 275 1521 scutelli
300 1494 398 1531 apice
425 1493 630 1524 bisetuloso.
660 1495 768 1534 Caput
794 1496 1031 1525 rotundatum.
1068 1498 1230 1526 Antennae
1256 1498 1290 1525 in
1316 1506 1386 1525 mo-

139 1556 215 1585 dice
240 1556 442 1594 prominulae
466 1557 589 1586 frontis
616 1559 713 1595 apice
738 1559 886 1594 insertae,
914 1560 1058 1598 oblique
1084 1561 1234 1597 dessexae,
1262 1561 1386 1599 episto-

140 1623 230 1649 maie
257 1619 361 1657 duplo
388 1619 576 1656 breviores,
611 1621 758 1650 articulo
794 1623 885 1651 1:1110
919 1633 1040 1660 parum
1069 1625 1270 1663 conspicuo,
1305 1623 1385 1652 2:110

138 1682 243 1718 brevi,
270 1682 498 1722 cyathisormi,
524 1683 610 1712 3:11'0
638 1685 836 1720 rotundato,
873 1695 1085 1725 compresso,
1111 1688 1183 1717 basi
1209 1691 1282 1716 seta
1308 1687 1385 1715 ‹lor-

137 1745 201 1774 sali
226 1746 381 1774 antennis
406 1745 569 1784 longiori,
596 1748 700 1775 nuda.
748 1748 857 1777 Frons
892 1749 971 1786 lata,
1011 1752 1234 1780 mediocriter
1258 1750 1385 1788 promi-

139 1809 234 1845 nula,
260 1808 437 1847 subplana,
472 1810 575 1846 nuda,
610 1819 728 1847 opaca,
757 1811 791 1839 in
817 1813 934 1841 medio
962 1815 1219 1852 triangulariter
1244 1814 1385 1851 impres—

138 1883 185 1908 su,
210 1873 245 1901 in
270 1871 397 1900 vertice
425 1873 559 1909 trigono
587 1873 787 1902 subelevato
823 1876 1012 1905 concolore
1039 1883 1165 1915 puncto
1193 1877 1389 1906 ocellorum

138 1935 455 1973 approximaturuin
480 1936 577 1973 nigro
605 1928 938 1976 ornatasEpistoma
958 1940 1072 1969 flatum
1092 1940 1386 1979 subperpendicu-

137 1999 210 2027 lare
235 1998 259 2027 l.
285 1997 412 2027 leniter
437 2003 567 2028 tantum
595 1999 779 2040 declivum,
806 2001 895 2030 infra
921 2003 1043 2031 oculos
1063 2004 1219 2032 nonnihil
1245 2003 1386 2031 descen-

139 2061 234 2096 «lens,
261 2062 401 2090 omnino
428 2062 570 2091 nudum.
612 2063 784 2101 Aper-tura
811 2066 879 2093 oris
906 2069 956 2094 sat
981 2076 1114 2104 magna.
1163 2065 1386 2096 Haustellum

147 2124 393 2163 geniculatum,
433 2126 640 2164 proboscide
675 2127 813 2156 modice
846 2137 967 2166 inagna
994 2135 1140 2159 exserta.
1189 2129 1284 2166 Palpi
1311 2129 1385 2156 bre-

141 2198 198 2217 ves
224 2187 404 2227 cylindrici
430 2189 583 2218 retracti.
633 2189 736 2219 Genae
764 2191 999 2232 longiusculae.
1049 2194 1150 2223 Oculi
1176 2193 1383 2225 mediocres,

137 2251 264 2281 leniter
297 2252 436 2287 exserui,
469 2252 611 2281 rotundi
643 2252 665 2281 l.
702 2255 856 2283 exactius
890 2255 1157 2286 horizontaliter
1182 2253 1385 2285 rotundato-

142 2315 270 2350 ovales,
296 2315 391 2350 nudi,
417 2315 453 2343 in
477 2316 552 2344 viva
577 2325 661 2354 saepe
687 2318 909 2348 virescentes,
945 2319 1082 2349 Thorax
1108 2321 1290 2357 oblongus,
1318 2318 1385 2355 gla-

143 2379 213 2414 ber,
239 2379 365 2416 absque
392 2382 510 2406 sutura
537 2382 739 2409 transversa.
790 2381 984 2411 Scutellum
1010 2384 1198 2418 mediocre,
1226 2390 1326 2420 parce
1353 2377 1388 2413 ὃ(

143 2440 523 2477 tenuiter'setulosuin‚
551 2442 647 2480 apice
672 2444 860 2473 rotundato
888 2445 1082 2475 distinctius
1109 2447 1272 2476 bisetoso.
1322 2442 1385 2471 Ab-

142 2503 268 2533 domen
292 2503 644 2542 conice-elongatum,
671 2507 814 2543 nudum,
849 2508 984 2537 annulis
1018 2509 1038 2537 5
1072 2509 1252 2542 distinctis,
1287 2515 1386 2534 exce-
