1452 2912
52 132 166 175 2776
502 130 582 173 198
612 135 666 179 a).
697 131 961 186 Agromyzcr.

138 254 201 283 bus
227 253 383 283 omnium
434 251 637 280 tenuissime
672 251 797 281 albidis
828 248 864 287 &5
888 249 1059 288 segmenti
1094 249 1209 279 ultimi
1245 251 1406 289 margine

142 315 267 355 apicali
293 320 437 354 anguste
470 314 570 344 ssavo.
621 315 715 344 Anus
751 313 803 354 (in
829 313 870 354 ῼ)
895 313 1117 352 longitudine
1151 314 1322 351 segmenti
1347 315 1401 345 ul-

144 379 230 415 timi,
257 379 508 409 crassiuseulns
535 379 824 417 subcompressus
851 382 927 407 ater
962 377 1105 406 nitidus.
1157 377 1228 406 Alae
1256 379 1401 407 omnino

142 447 182 472 ut
205 443 241 472 in
266 440 309 473 Α.
332 447 495 484 gyrante
542 452 601 471 nzo
634 443 690 478 28,
720 442 824 471 etiam
851 440 967 479 quoad
1016 449 1204 469 nervorum
1231 441 1396 471 directio-

143 516 235 536 nem.
271 506 426 544 Sqnainae
450 507 679 546 incompleta».
721 504 884 535 Halteres
911 503 1101 533 albo-ssavi.
1128 503 1238 534 Pedes
1263 505 1398 535 medio·
1435 531 1438 535 .

145 574 232 599 cres.
283 570 380 599 Coxae
406 571 521 599 antieae
547 570 790 608 pallescentes,
816 567 1029 606 posteriores
1066 566 1288 604 nigricantes.
1335 569 1401 599 Fe-

142 643 241 663 mora
267 634 383 662 onmia
432 633 563 673 pallide
590 633 689 663 flava.
739 632 842 663 Tibiae
869 628 905 667 ὃς·
931 631 1014 660 tarsi
1049 630 1165 659 omnia
1191 635 1277 668 atra,
1304 633 1404 663 tarsis

151 698 274 727 anticis
301 697 406 726 hodie
433 698 671 727 ‹lituum-ibus.

171 859 238 902 38.
279 859 334 897 A.
374 856 607 896 lzz'larella:
653 858 765 907 nigra
810 858 959 903 nitida3
1005 861 1156 910 capite,
1203 862 1402 906 antennis,

50 937 218 988 pleuris,
251 933 502 985 pedibusque
535 931 642 977 totis,
675 931 825 981 pallide
855 931 991 979 ssavis3
1023 938 1163 971 ventre
1180 931 1404 984 pallescen-

51 1017 113 1057 te3
146 1009 220 1048 alis
250 1007 438 1058 hyalinis,
468 1007 605 1043 nervis
647 1007 887 1056 perspicuis,
932 1005 1219 1058 longitudinali
1251 1005 1333 1048 -tzto
1364 1010 1404 1047 in

51 1086 167 1135 apice
199 1082 274 1120 alae
305 1083 562 1120 excurrente.
593 1075 850 1129 320201153.
882 1079 906 1131 ἐς
937 1079 1041 1121 Πολ.

165 1164 268 1204 Hab.
312 1165 351 1201 in
379 1161 518 1200 Svecia
567 1160 822 1198 meridionali
855 1159 895 1198 ά
928 1162 1056 1200 media
1105 1164 1330 1208 rarissime3
1361 1166 1403 1202 in

49 1240 191 1279 Scania
225 1238 271 1276 ad
305 1235 487 1274 Elmhult
519 1236 680 1272 unicum
713 1246 785 1285 par
818 1236 854 1272 in
887 1235 1032 1286 copula
1072 1235 1260 1285 junctum
1293 1248 1403 1275 men-

52 1326 94 1353 se
125 1312 234 1352 Julio
270 1308 377 1351 1844
407 1311 561 1347 detexit
601 1307 646 1346 D.
678 1305 914 1354 Daklbom3
946 1311 984 1347 in
1026 1309 1199 1348 Bahusia
1230 1311 1280 1349 ad
1312 1310 1406 1349 Lin-

50 1389 194 1427 desniis
225 1397 352 1436 prope
383 1384 523 1422 urbem
556 1381 776 1422 Uddevana
809 1383 846 1420 d.
878 1382 904 1422 7
933 1382 1012 1421 Jul.
1044 1380 1151 1424 1847
1166 1395 1333 1436 quoque
1358 1397 1405 1423 u-

52 1464 187 1501 nicum
219 1459 473 1499 individuum
507 1456 724 1496 masculum
742 1456 1011 1507 deprehendit
1033 1446 1272 1510 meeumque
1293 1470 1404 1499 com-

56 1537 278 1575 municavit
309 1533 421 1572 nom.
451 1533 596 1571 philos.
627 1531 838 1569 Studiosus
873 1528 1086 1572 Gustavus
1117 1528 1301 1573 Maller.

96 1715 167 1755 69.
215 1716 461 1747 Minntissima.
489 1713 620 1744 Similis
646 1713 820 1751 prioribus
842 1712 944 1753 liujus
963 1714 1302 1752 subdivisionis,se‹t
1319 1726 1400 1756 par·
1434 1718 1436 1724 ’

143 1781 247 1809 vitate
274 1779 430 1817 corporis
459 1775 494 1813 ΒΓ
519 1776 668 1806 scntello
696 1778 899 1815 nigricante,
927 1787 990 1807 nec
1015 1777 1119 1814 ssavo,
1145 1779 1261 1808 statim
1279 1780 1400 1818 digno-

146 1847 191 1872 ta.
240 1843 371 1878 Nitida,
420 1842 502 1871 setis
538 1840 725 1870 ordinariis
759 1842 895 1871 vestita.
949 1842 1058 1880 Caput
1084 1850 1242 1880 opacum.
1290 1843 1402 1873 Frons

145 1906 215 1935 lata
248 1906 377 1944 pallide
411 1906 510 1935 flava.
560 1906 722 1934 Antennae
755 1905 968 1940 minusculae,
1016 1905 1146 1943 pallide
1178 1905 1281 1943 ssavae,
1327 1911 1429 1937 seta=

142 1969 369 2008 pallescente.
418 1970 595 2008 Epistoma
620 1968 707 1997 infra
741 1967 863 1997 oeulos
890 1969 1048 1998 nonnihil
1084 1968 1312 2006 descendens,
1337 1968 1399 2000 ssa-

142 2032 371 2067 vo-albitlum,
421 2038 494 2062 seta
520 2033 684 2070 utrinqne
717 2032 908 2072 mystae-ina
940 2031 1164 2069 pallescente.
1212 2033 1401 2063 Proboscis

144 2093 178 2131 ἃ
203 2096 295 2135 palpi
323 2102 471 2127 retracta
495 2096 593 2126 flava.
643 2094 747 2124 Oculi
782 2094 991 2125 mediocres.
1040 2095 1179 2125 Thorax
1203 2096 1323 2133 ssavus,
1349 2097 1400 2127 ‹li-
1428 2128 1431 2131 ,

142 2169 200 2188 sco
227 2160 355 2190 ‹lorsali
382 2161 452 2190 late
481 2157 517 2196 &⁸
542 2164 659 2188 sterno
687 2159 805 2197 nigris.
855 2159 1050 2190 Scutelhnn
1085 2160 1234 2197 nigrum.
1283 2160 1401 2191 Abdo-
1426 2179 1432 2199 ς

142 2233 220 2252 men
247 2228 387 2253 ovatum
414 2225 561 2262 nigrum,
596 2226 715 2252 ventre
740 2222 966 2261 pallescente,
1000 2231 1065 2250 ano
1091 2220 1288 2263 (ovidnctu)
1312 2223 1348 2253 in
1374 2224 1400 2262 ῼ

135 2286 356 2325 longitudine
382 2288 504 2316 saltem
529 2286 695 2325 segmenti
722 2286 848 2322 ultimi,
866 2285 1136 2315 crassinscnlum
1156 2287 1399 2326 subcompres-

145 2360 221 2380 sum
247 2352 382 2388 nigrum
409 2349 667 2379 nitidissimum.
695 2349 761 2379 Alae
785 2353 822 2378 ut
848 2350 882 2378 in
907 2349 1016 2387 priori
1044 2345 1079 2382 &5
1104 2349 1139 2378 in
1165 2347 1206 2380 Α.
1223 2353 1398 2392 gyrante.

145 2414 248 2443 Nervi
277 2422 416 2452 quoqne
445 2417 565 2443 exacte
592 2417 628 2442 nt
652 2413 687 2442 in
712 2413 765 2442 his
793 2413 929 2448 directi,
955 2412 1014 2442 sed
1042 2414 1227 2443 transversi
1253 2401 1421 2444 forsitan*

144 2477 257 2507 adhuc
283 2478 439 2508 nonnihil
492 2478 599 2516 magis
626 2476 867 2515 approximati,
916 2477 962 2505 ita
997 2480 1035 2505 nt
1061 2481 1277 2516 segmentum
1302 2477 1401 2508 nervi
