1452 2912
80 151 191 198 2854
574 155 669 199 203.
713 155 939 200 Trineura.

125 276 199 317 όᾭ.
234 277 347 308 Priori
373 277 473 308 valde
499 278 621 308 similis
650 275 685 313 ὃς
711 278 834 316 affinis,
860 280 922 309 sed
947 276 1064 308 differt
1087 276 1323 316 magnitudine
1345 276 1418 317 ple·
1450 299 1452 302 ι

167 352 315 381 rumque
340 343 459 382 paullo
485 344 633 379 minore,
660 340 695 378 ὃς
721 345 876 373 antennis
903 343 1114 380 thoraceque
1146 340 1418 372 obscurioribus.
1450 346 1452 384 s

166 407 363 437 Subnitida.
391 407 500 445 Caput
526 407 674 445 nigrum.
699 406 809 436 Frons
836 407 949 437 valide
975 412 1100 438 setosa.
1128 408 1292 437 Antennae
1312 406 1416 436 brun·

166 473 369 510 neo-nigrae.
420 471 513 510 Palpi
540 471 669 500 exserti
693 471 754 500 lati
780 470 870 507 ssavi,
903 472 1024 500 subtus
1059 470 1293 510 nigro-pilosi.
1334 470 1416 499 Pro-

167 536 280 565 boscis
306 545 427 573 magua
454 540 617 565 testacea.
664 535 767 565 Oculi
792 533 988 574 majusculi.
1021 535 1160 565 Thorax
1185 535 1416 564 brunnescen-

167 600 320 638 ti-niger,
371 600 413 629 ad
445 600 556 629 latera
583 596 618 635 ὃς
642 601 775 638 postice
808 604 955 629 setosus.
1005 599 1201 629 Scutellum
1234 597 1416 628 concolor.

170 664 351 694 Abdomen
391 664 526 703 nigrum
559 673 716 703 opacum,
765 665 800 693 in
834 662 866 697 ὀ
890 662 1112 703 puberulum,
1136 662 1172 691 in
1198 662 1222 700 ῼ
1248 661 1417 699 glabrum.

168 728 239 758 Alae
266 733 387 758 exacte
434 733 472 758 ut
497 729 533 758 in
562 724 605 759 T.
631 725 835 765 thorneie-a,
886 729 989 757 etiam
1015 726 1131 765 quoad
1155 735 1340 755 nervorum
1365 725 1416 754 ‹li-

168 792 372 821 rectionem.
407 791 570 821 Halteres
596 790 647 830 (in
673 791 860 832 exsiccata)
884 792 1013 831 pallide
1038 790 1127 820 ssavi.
1168 790 1279 820 Pedes
1305 789 1417 819 omni-

169 865 213 884 no
241 860 279 884 ut
303 855 337 885 in
365 855 580 894 praecedente
605 857 795 885 constructi
823 853 857 891 ἃ·
882 856 1044 886 colorati.
1092 854 1132 884 In
1158 854 1267 884 tribus
1293 853 1417 884 indivi-

168 918 257 955 duis,
284 929 355 957 quae
378 919 532 956 lustravi,
559 919 648 948 tibiae
674 920 792 949 anticae
820 925 919 949 extus
947 923 1025 948 ante
1057 918 1213 947 medium
1237 918 1416 956 unispino-

166 991 221 1019 sae,
245 983 456 1013 intermediae
482 987 580 1012 extus
615 983 658 1012 ad
683 984 779 1013 basin
827 985 922 1023 spina
956 981 1103 1022 gemina,
1131 978 1166 1018 ὃς
1191 981 1327 1020 posticae
1353 981 1416 1011 eti·

170 1056 224 1075 am
251 1051 351 1077 extus
385 1047 427 1077 ad
475 1047 572 1077 basin
598 1047 696 1086 spina
723 1049 869 1086 gemina,
919 1048 953 1078 in
978 1047 1094 1076 medio
1121 1046 1218 1085 spina
1242 1044 1413 1082 solitaria,

169 1115 317 1141 armatae.
364 1112 530 1141 Praeterea
557 1111 643 1141 tibiae
677 1122 796 1142 omnes
822 1114 919 1152 apice
953 1111 1139 1141 calcaratae.
1168 1127 1203 1132 -
1232 1109 1329 1139 Tarsi
1353 1118 1414 1149 po-

166 1174 242 1203 stici
267 1179 304 1204 ut
330 1174 364 1205 in
388 1175 604 1214 praecedente
629 1176 807 1205 calcarati.

190 1324 228 1366 3·
274 1328 318 1369 T.
347 1331 584 1371 maculata:
614 1334 752 1384 nigrat,
800 1330 985 1368 antennis
1021 1327 1238 1374 brunneis3
1284 1327 1416 1380 palpis

76 1396 212 1447 ssavis3
241 1404 450 1452 geniculis,
482 1406 589 1445 tibiis
620 1408 815 1456 tarsisque
848 1403 1307 1454 ferrugineo-testaceis;
1340 1402 1415 1442 alis

74 1471 262 1523 fuscanis,
293 1484 443 1528 puncto
473 1481 614 1519 costali
638 1481 686 1519 ad
718 1482 869 1531 apicem
901 1479 1015 1516 nervi
1040 1476 1249 1516 auxiliaris
1280 1477 1415 1524 fusco;

73 1552 180 1586 costa
201 1550 459 1592 mediocriter
485 1555 642 1603 ciliata;
675 1555 784 1594 tibiis
807 1553 982 1605 spinosis.
1001 1548 1084 1602 (ζᾩ.
1113 1550 1255 1603 (Long.
1277 1550 1410 1604 1—122

76 1619 177 1667 lin.).

189 1697 332 1740 Phora
362 1701 481 1754 Meig.
514 1703 617 1755 Dipt.
644 1702 682 1742 6.
711 1699 803 1741 214.
827 1700 865 1740 7.
889 1704 973 1740 sine
1001 1699 1126 1739 dubio
1149 1695 1192 1751 ῼ.
1209 1723 1262 1730 --
1286 1697 1406 1741 Tria.

72 1772 268 1825 vulgares·
297 1774 405 1815 ”var.
436 1777 554 1816 sem.''
599 1777 698 1816 Fall.
742 1776 974 1828 Phytomyz.
1013 1773 1050 1814 6.
1079 1773 1117 1813 5.
1148 1774 1188 1811 in
1218 1773 1408 1826 descript.

188 1865 289 1906 Hab.
321 1870 359 1908 in
390 1869 530 1910 Svecia
561 1869 814 1911 meridionali
845 1871 997 1915 rarius;
1029 1869 1068 1906 in
1088 1865 1228 1905 Scania
1260 1867 1308 1906 ad
1341 1880 1408 1907 ur-

74 1938 163 1978 bem
196 1940 308 1981 Lund
340 1944 496 1996 aliquot
528 1948 638 1997 paria
671 1947 709 1985 in
740 1944 885 1996 copula
915 1943 1066 1994 juncta,
1100 1939 1262 1981 10—20
1290 1941 1408 1994 April

76 2010 183 2053 1824
212 2015 475 2068 deprehendi.

117 2191 189 2232 (3⁸9.
238 2197 355 2235 Nigra,
381 2210 503 2240 parum
536 2202 657 2232 nitida.
703 2202 813 2232 Frons
845 2203 983 2233 fortiter
1013 2205 1139 2231 setosa.
1182 2201 1348 2232 Antennae
1369 2201 1406 2233 in

164 2256 196 2291 d·
221 2262 440 2301 nigricantes,
467 2264 500 2295 in
526 2266 550 2302 Q
577 2267 736 2296 brunneae
772 2267 796 2296 l.
829 2267 952 2296 lividae.
999 2265 1095 2303 Palpi
1127 2264 1162 2292 in
1189 2262 1222 2296 d·
1252 2266 1404 2303 obscuri,

159 2322 195 2352 in
231 2325 254 2361 ῼ
278 2326 354 2356 ssavi
389 2328 621 2366 nigro-pilosi.
669 2330 831 2360 Thoracis
864 2331 974 2360 latera
1000 2326 1035 2365 S<
1060 2329 1230 2367 poslicum
1277 2330 1402 2369 Pilosa.

155 2386 334 2418 Abdomen
360 2391 394 2419 in
420 2388 452 2423 (ἲ
479 2393 632 2421 tenuiter
656 2394 875 2431 puberulurn,
909 2395 942 2423 in
969 2393 993 2431 Ω
1020 2392 1150 2421 nudum
1183 2403 1248 2423 ano
1273 2393 1402 2432 piloso·

152 2450 223 2480 Alae
249 2455 432 2491 praesertim
458 2455 492 2484 in
527 2456 552 2492 ῼ
579 2460 653 2485 tolae
677 2456 835 2494 suscanae,
870 2457 984 2487 nervis
1011 2457 1151 2486 omnino
1186 2461 1224 2487 ut
1247 2458 1283 2487 in
1307 2457 1400 2497 prio-

160 2514 254 2546 ribus
279 2516 431 2548 ‹lirectis.
480 2518 520 2548 Iu
544 2519 660 2550 medio
686 2525 787 2551 costae
814 2521 848 2552 in
873 2524 1016 2563 regione
1048 2521 1156 2562 apicis
1180 2522 1277 2554 nervi
1301 2521 1399 2552 auxi-
