1452 2912
438 128 518 166 192
544 117 602 173 bj.
633 123 942 177 Amplu'pogou.
1243 127 1351 164 268⁷

20 253 202 301 Puensis,
231 251 271 290 ὦ
299 250 347 290 ad
375 250 484 302 Kfige
524 252 563 289 in
611 251 784 300 paroecia
831 250 1053 290 Skeilefteaei
1086 251 1255 289 Bottniae
1295 252 1352 288 23

19 329 120 380 Aug.
148 347 200 354 —
230 328 257 363 6
284 324 392 375 Sept.
421 324 472 363 ab
511 323 658 362 Eodem
695 324 970 374 deprehensa3
1016 324 1111 364 mihi
1152 323 1233 393 jam
1276 325 1351 364 sub

21 404 167 442 itinere
213 398 309 438 meo*
346 400 475 448 primo
518 398 747 449 Lapponieo
796 400 902 436 1821
947 400 1065 438 obvia
1115 402 1153 438 in
1193 397 1351 450 Anger-

25 477 185 514 mannia
219 477 270 512 15
300 474 408 524 Sept.
438 475 653 519 rarissime,
682 473 750 511 sed
784 473 928 512 semina
961 475 998 512 in
1031 474 1217 525 pluribus
1253 473 1355 513 indi-

30 550 162 589 viduis
193 550 230 587 in
261 548 393 599 fungis
420 547 674 585 terrestribus
697 548 745 586 ad
771 546 980 587 Ol'ficinam
1007 548 1216 588 ferrariam
1245 550 1352 590 Ken-

23 625 82 676 gis
113 622 326 674 Lapponiae
354 622 570 660 Tou-nensis
599 621 635 659 d.
664 624 718 660 22
748 623 850 675 Aug.
879 623 1057 674 ejusdem
1075 626 1167 663 anni
1183 624 1350 665 detecta.

66 879 139 918 5¹9,
187 877 328 917 Species
369 877 512 914 insignis
540 873 575 912 ὃς
598 878 722 906 vestitu
747 879 851 908 maris
876 878 975 907 valde
1001 878 1204 917 singularis3
1225 880 1249 918 ῼ
1268 877 1352 912 Sca-

103 939 279 983 tophagae
319 937 473 970 bicolori
511 950 543 979 p.
577 940 665 970 2:394
702 943 811 980 primo
847 941 1010 980 adspectu
1044 942 1136 971 haud
1169 943 1349 982 absimilis,

106 1005 139 1040 d
167 1003 387 1046 Cordyluras
420 1014 438 1033 e
463 1005 697 1034 subdivisione
735 1002 883 1037 Okeniae
916 1007 1012 1042 mihi,
1044 1006 1227 1037 mentiens.
1276 1005 1334 1040 He

108 1075 313 1102 teronearae
340 1065 530 1098 albimanae
557 1066 592 1104 ὃς
614 1067 839 1109 geonzyzinoe
864 1069 952 1098 infra
987 1080 1127 1108 quoque
1152 1071 1288 1101 accedit
1314 1069 1350 1109 &Q

106 1133 239 1168 similis,
265 1131 326 1161 sed
349 1131 463 1160 fronte
489 1132 601 1161 antice
626 1132 729 1167 nuda,
756 1142 819 1161 nec
852 1137 978 1169 setosa,
1003 1134 1100 1163 coxis
1132 1133 1348 1172 longioribus

107 1194 143 1234 ὃς
167 1196 277 1226 nervis
311 1196 511 1225 transversis
544 1196 651 1234 magis
684 1197 838 1233 remotis,
871 1206 1001 1226 marem
1034 1198 1214 1227 barbatum
1239 1204 1277 1228 ut
1301 1204 1348 1230 ta-

106 1271 214 1297 ceam,
241 1260 398 1298 generice
424 1264 518 1289 certe
544 1260 701 1289 discedit.
750 1260 859 1289 Frons
895 1255 1106 1299 ferruginea,
1140 1263 1253 1293 antice
1278 1265 1349 1303 pal-

66 1315 72 1328 ‘
104 1326 222 1361 lidior,
248 1323 375 1362 glabra,
411 1324 542 1362 postice
569 1321 603 1360 8,·
635 1324 671 1353 in
706 1325 834 1353 vertice
868 1324 950 1353 setis
985 1324 1123 1354 circiter
1152 1326 1195 1356 10
1226 1328 1349 1358 validis

105 1389 252 1420 curvatis
278 1387 395 1426 nigris.
446 1376 613 1417 Punctum
640 1388 834 1417 ocellorum
859 1388 1056 1418 obscurum.
1081 1392 1244 1421 Antennae
1277 1402 1348 1422 me-

107 1455 242 1484 diocres
275 1450 367 1480 ssavae
408 1451 502 1487 rusae,
536 1455 609 1481 seta
644 1452 844 1481 concolore.
892 1453 1071 1492 Epistoma
1113 1454 1278 1493 albidum,
1311 1458 1349 1486 in

107 1517 224 1548 medio
251 1515 452 1550 carinatum,
479 1515 575 1553 apice
601 1524 669 1543 non
693 1514 879 1554 ressexum3
906 1517 1011 1546 barba
1035 1518 1138 1548 maris
1163 1518 1270 1557 fusca,
1295 1530 1347 1550 se-

105 1586 137 1611 ta
170 1578 356 1620 mystacina
388 1579 522 1608 femiuae
554 1577 662 1615 nigra.
705 1578 801 1617 Palpi
828 1576 862 1615 &C
886 1581 1064 1619 proboscis
1098 1582 1218 1612 saltem
1251 1584 1348 1623 apice

98 1645 207 1674 fusca.
258 1643 404 1682 Occiput
445 1651 636 1671 convexum
669 1641 797 1672 rufum.
847 1643 984 1674 Thorax
1017 1645 1235 1684 ferrugineus
1268 1648 1346 1678 niti-

107 1711 183 1745 dus,
207 1707 309 1737 lineis
336 1706 528 1735 dorsalibus
554 1706 575 1735 4
600 1706 764 1735 brunneis
777 1707 997 1737 velobscuris
1016 1706 1066 1748 (in
1086 1707 1118 1742 ὅ
1134 1711 1346 1750 perspicuio-

103 1770 225 1812 ribus),
250 1769 373 1800 mediis
399 1770 643 1809 approximatis
669 1771 800 1809 postice
827 1772 1046 1809 abbreviatis,
1071 1773 1274 1804 lateralibus
1298 1776 1345 1805 la-

111 1836 268 1867 tiusculis
301 1834 464 1871 utrinque
491 1834 708 1864 abbreviatis.
757 1836 842 1864 Setae
873 1836 1034 1866 laterales
1066 1838 1177 1876 nigrae.
1225 1839 1347 1870 Pectus

104 1903 141 1931 in
166 1897 197 1932 d*
223 1888 559 1937 nigro-maculatum.
609 1898 801 1928 Scutellum
833 1899 1080 1939 ferrugineum,
1114 1902 1194 1931 setis
1228 1903 1345 1942 nigris.

105 1962 327 1995 luetathorax
350 1960 459 1997 rusuS,
485 1962 519 1990 in
546 1959 578 1994 ὅ
603 1963 795 1992 obscurior.
822 1964 1000 1994 Abdomen
1026 1966 1161 2003 nigrum
1185 1967 1344 1998 nitidum.

103 2028 174 2058 Alae
200 2024 382 2055 abdomine
415 2025 572 2055 nonnihil
597 2026 786 2065 longiores,
819 2028 1129 2069 cinereo-hyalinae,
1155 2036 1251 2061 certo
1277 2033 1345 2062 situ

103 2092 275 2125 irisantes,
310 2098 413 2117 nervo
439 2089 562 2118 costali
597 2092 758 2120 crassiori
784 2093 944 2129 obscuro,
969 2094 1155 2124 interstitio
1180 2093 1283 2135 hujus
1311 2094 1346 2133 ὃς

107 2155 179 2186 2:di
210 2152 471 2191 longitudinalis
512 2152 672 2192 langvide
703 2155 859 2185 fuscano.
907 2157 1010 2187 Nervi
1043 2164 1207 2197 praeterea
1239 2165 1278 2189 ut
1309 2160 1346 2190 in

112 2213 347 2250 Macrochira
388 2216 521 2253 directi,
563 2223 683 2256 praeter
714 2224 946 2251 transversum
983 2223 1195 2252 ordinarium
1227 2224 1344 2263 paullo

105 2282 212 2320 magis
239 2280 280 2310 ad
304 2282 494 2319 marginem
518 2286 717 2312 retractum.
743 2283 914 2321 Halteres,
943 2283 978 2322 ὃς
1002 2296 1146 2325 squamae
1169 2288 1343 2318 rudimen-

110 2346 213 2381 tariae,
239 2344 364 2374 albida.
412 2345 521 2374 Pedes
554 2345 682 2384 pallide
713 2345 791 2375 ssavi
816 2347 917 2378 nitidi
950 2350 1193 2388 subpellucidi,
1219 2351 1340 2381 antici:

115 2408 212 2437 coxis
238 2407 403 2445 elongatis
429 2407 563 2444 albidis,
596 2409 785 2439 femoribus
810 2412 846 2441 in
871 2410 903 2444 d*
928 2412 1031 2452 nigris
1058 2415 1129 2444 basi
1154 2415 1342 2452 flavi5‚in9

115 2470 195 2500 rufis
221 2471 316 2509 apice
342 2472 456 2509 nigris,
482 2473 574 2502 tibiis
599 2473 680 2503 rufis
705 2473 727 2503 l.
754 2476 788 2505 in
816 2474 847 2509 d
872 2478 969 2516 apice
994 2479 1112 2517 nigris,
1140 2479 1237 2508 tarsis
1263 2478 1343 2507 totis
