1452 2912
464 160 550 205 204
581 164 639 212 b).
675 160 943 203 Orm'tleobz'a.
1267 164 1375 208 2901

25 279 158 321 ditum
188 293 209 321 a
245 278 450 320 Dahlbom
485 280 606 332 1826,
651 296 689 335 p.
722 282 784 323 11.
814 283 918 323 Nota
951 284 1026 324 sub
1063 283 1244 339 Hcppob.
1283 302 1376 328 cer—

25 357 140 393 vina.
173 377 226 384 ——
257 353 534 407 Alceplaagus
561 356 754 408 pallidas
785 357 1054 397 Gimmerthal
1088 361 1128 399 in
1158 360 1275 401 Stett.
1294 362 1373 402 Eu-

27 431 125 467 tom,
153 425 252 467 Zeit.
287 427 404 469 1845.
434 442 470 480 p.
503 429 593 470 152.

140 500 262 550 Hab.,
292 507 337 541 ut
368 509 651 543 asseverarunt
683 502 946 551 Collectores‚
978 509 1018 546 in
1048 505 1177 546 Cervo
1207 507 1378 560 Elapho,

26 584 101 624 per
129 573 437 616 Scandinaviam
469 577 770 618 meridionalem
814 583 946 619 minus
975 581 1213 633 frequenter
1244 583 1379 631 obvia,

26 658 168 687 versus
214 655 453 691 autumnum
485 652 723 704 observata3
767 652 922 695 scilicet
961 658 1001 694 in
1041 655 1182 695 Scania
1215 657 1262 696 ad
1294 657 1379 696 Ηό-

27 721 166 771 gestad
201 719 508 774 (Sundewall),
549 713 857 766 &fvedsklosier
910 728 984 767 dac.
1015 732 1169 777 rarius3
1200 743 1222 769 e
1252 730 1378 770 Dania

26 794 104 834 sub
133 798 319 836 nomine:
349 797 603 839 ”Orm'chob.
631 799 800 852 pallida
830 801 972 853 Meig.’'
995 804 1116 842 etiam
1147 817 1168 843 a
1200 803 1245 842 D.
1263 801 1378 844 διαε-

27 880 111 919 ger
142 872 455 910 communicata.
513 873 565 918 (E
597 873 793 912 Dalmatia
826 887 845 912 a
878 875 922 913 D.
950 873 1078 914 Kalm·
1109 888 1181 927 per
1211 877 1257 916 D.
1285 878 1379 917 Phi-

27 939 100 979 los.
130 941 348 982 Doctorem
390 942 458 982 W.
491 943 718 996 Nylander
756 959 885 998 nuper
916 961 1083 1000 quoque
1124 950 1377 990 individuum

26 1013 150 1064 hujus
180 1015 351 1055 obtinui.
380 1038 435 1045 —
464 1018 592 1057 Etiam
639 1023 679 1058 in
716 1019 844 1060 Cervo
884 1022 984 1062 Alce
1029 1023 1287 1071 habitaverit,
1321 1029 1381 1064 te-

32 1091 93 1126 ste
131 1085 426 1138 Gimmertlcal,
459 1092 569 1142 quod
602 1098 735 1132 tamen
765 1097 804 1133 in
829 1094 996 1134 dubium
1019 1101 1188 1135 vocatur
1220 1111 1241 1136 a
1272 1097 1380 1136 Prof.

28 1173 68 1199 v.
114 1156 295 1200 Siebold
332 1164 372 1201 in
415 1161 533 1202 Stett.
573 1165 662 1205 Ent.
706 1163 810 1205 Zcit.
855 1165 975 1208 1845.
1005 1182 1041 1219 p.
1071 1168 1164 1209 275.
1196 1193 1248 1199 ——
1279 1169 1381 1216 (Cel.

29 1230 227 1285 Mee‘gen,
267 1235 387 1287 hujus
424 1239 568 1277 insecti
613 1238 876 1280 habitationis
915 1243 1076 1291 inscius,
1118 1243 1221 1283 illud
1253 1245 1293 1284 in
1325 1245 1380 1284 A-

29 1307 149 1348 vibus
178 1308 376 1361 hospitar'i
406 1310 616 1362 c-onjicit.).

74 1471 132 1506 <5¹3
180 1474 311 1504 Nitida.
361 1475 471 1506 Frons
498 1478 710 1516 ferruginea,
745 1491 864 1519 opaca,
898 1483 1003 1519 nuda,
1039 1485 1162 1516 orbitis
1190 1485 1378 1515 oculorum

122 1541 175 1566 sat
198 1537 277 1567 latis
304 1539 544 1578 subdepre-ssis
571 1542 667 1572 ssavis
702 1544 831 1580 nitidis,
880 1554 984 1584 parce
1017 1549 1142 1577 setosis
1177 1547 1227 1588 (in
1252 1548 1379 1578 indivi-

123 1599 202 1628 duis
230 1601 318 1629 bene
355 1603 594 1644 conservatis).
644 1607 773 1636 Vertex
806 1608 934 1637 leniter
969 1610 1135 1647 elevatus,
1184 1612 1332 1641 foveolis
1362 1611 1382 1640 2

124 1663 268 1691 minutis
295 1665 452 1694 obscuris
478 1667 678 1705 impressus,
707 1673 799 1697 totus
825 1669 945 1707 ssavus,
972 1673 1114 1709 nitidus,
1141 1675 1268 1704 nudus.
1298 1675 1380 1713 Epi-

120 1731 231 1755 stoma
260 1728 420 1764 nitidum,
448 1729 584 1767 ssavum,
611 1737 739 1770 puncto
766 1734 934 1772 utrinque
969 1737 1061 1765 inter
1086 1741 1251 1767 antennas
1264 1735 1384 1776 &jux-

124 1795 156 1819 ta
181 1790 260 1819 illas
287 1791 458 1822 brunnen.
508 1795 673 1825 Antennae
697 1797 733 1825 in
768 1796 904 1827 soveola
939 1799 982 1827 ad
1016 1798 1232 1838 epistomatis
1268 1800 1381 1829 latera

122 1854 270 1890 insertae,
294 1863 416 1892 parvae,
451 1856 555 1894 ssavae,
591 1859 697 1888 nudae.
746 1860 933 1899 Paiporum
966 1867 1119 1891 rostrum
1160 1863 1381 1902 longitudine

123 1917 267 1946 circiter
293 1918 521 1956 epistoman's,
547 1921 799 1961 ferrugineum.
835 1925 1058 1954 Hauslellum
1084 1927 1277 1962 setisvrme,
1303 1927 1380 1965 plus

127 1980 241 2009 minus
266 1980 372 2018 longe
400 1987 589 2020 exsertum,
638 1988 768 2026 pallide
803 1988 942 2018 ssavum.
996 1990 1101 2019 Oculi
1134 1990 1329 2019 mediocres
1355 1989 1380 2020 l.

125 2040 332 2081 majusculi,
382 2045 659 2085 oblongo-ovam
695 2050 790 2087 nudi,
825 2052 927 2088 picei.
977 2053 1116 2082 Thorax
1149 2052 1380 2090 lenticularis‚

74 2110 77 2114 “
108 2093 109 2097 ¹
131 2105 276 2142 nitidus,
302 2107 633 2148 rufo-ferrugineus,
661 2113 764 2142 dorso
791 2115 1012 2143 snbseriatim
1039 2116 1226 2152 setulosus,
1252 2117 1288 2145 in
1313 2126 1384 2146 me-

127 2170 186 2199 dio
211 2170 518 2208 longitudinaliter
543 2176 743 2214 impressus,
779 2177 876 2206 callis
902 2177 1139 2207 humeralibus
1168 2180 1293 2218 parviS,
1320 2190 1382 2209 nu-

128 2232 193 2268 dis,
219 2233 326 2263 flavis.
377 2236 574 2268 Sculellum
608 2240 861 2278 ferrugineum,
910 2241 1072 2277 nitidum,
1109 2243 1264 2281 margine
1291 2247 1383 2272 seto-

126 2304 215 2325 sum.
262 2297 444 2328 Abdomen
471 2301 612 2332 thorace
648 2303 723 2332 fere
773 2304 910 2333 brevius
939 2301 974 2340 &J
997 2304 1060 2333 illo
1089 2305 1251 2336 distincte
1277 2316 1385 2345 angua

130 2359 228 2395 scius,
255 2365 407 2399 ovatum,
455 2364 549 2395 haud
584 2366 800 2406 depressum,
848 2367 1011 2405 nitidum,
1038 2369 1149 2407 rigide
1174 2369 1381 2408 nigro-pilo-

128 2429 217 2458 sum,
242 2425 428 2460 praesertim
453 2429 597 2466 postice.
641 2430 828 2468 Segmenta
852 2431 872 2461 5
897 2433 1060 2471 subaeque
1085 2434 1203 2472 longa,
1231 2441 1379 2470 quorum

1181 2493 1265 2534 366
