1452 2912
564 95 632 137 76.
674 93 830 136 Scoeva.
1252 98 1362 141 3137

113 212 230 242 subtus
258 211 307 238 bis
333 209 518 249 convexa),
547 211 588 239 ad
616 211 722 241 latera
759 211 883 248 angulo
919 212 1047 236 tantum
1074 210 1244 247 superiori
1273 221 1357 240 rnar-

112 277 224 313 ginem
259 274 520 311 attingentibus,
558 284 618 303 uec
653 275 693 304 ad
726 283 895 304 summum
932 273 1102 310 extensis,
1141 272 1213 304 4:12.
1247 277 1280 304 jn
1306 286 1359 305 se<

110 343 246 378 gmento
272 339 343 367 5:10
369 338 501 376 postice.
532 339 800 377 profundissime
838 338 1067 375 emarginata,
1103 338 1143 366 ad
1170 339 1280 368 latera
1306 340 1356 369 di-

112 398 217 432 la'tata
245 407 277 431 et
303 402 344 431 ad
370 403 557 440 marginem
583 413 753 432 summum
780 407 937 438 extensa,
964 403 1010 430 ita
1036 406 1070 429 ut
1099 402 1166 431 haec
1185 403 1289 432 fascia
1307 409 1355 433 to-

111 472 181 497 tum
207 467 279 496 fere
306 471 517 505 segmentum
542 468 650 496 5:tum
676 473 839 507 occupet,
866 467 986 496 relicta
1012 465 1124 494 solum
1150 467 1282 496 macula
1301 469 1357 498 tri-

112 541 198 570 gona
225 532 319 569 nigra
348 531 380 560 iu
408 532 533 560 medio.
559 531 682 569 Margo
710 532 850 571 apiculis
877 531 1044 569 segmenti
1077 528 1138 559 4:st
1165 540 1248 569 saepe
1275 541 1356 570 quo-

111 606 177 635 que
212 596 361 624 tenuiter
392 595 553 625 flavescit.
590 596 717 624 Venter
750 596 875 632 ssavus,
908 595 1041 624 macula
1079 595 1111 622 in
1146 595 1280 633 singulo
1307 606 1357 626 se-

58 654 61 665 *
111 664 246 699 gmento
273 657 430 698 (excepto
457 657 596 698 ultimo)
621 660 735 689 media
762 662 868 698 nigra.
894 660 1002 689 Pedes
1028 658 1122 694 ssavi,
1149 660 1264 696 coxis,
1286 665 1354 690 tro-

110 724 327 754 obanter-ibus
354 725 451 760 totis,
480 729 511 753 et
526 724 695 754 femorum
715 727 926 754 anteriorum
946 724 1020 753 basi'
1036 723 1076 752 ad
1095 724 1200 752 5;tam
1215 724 1236 753 1.
1251 725 1355 754 &tam

110 793 257 827 partem,
285 789 400 826 nigris.
429 789 574 818 Feinora
598 791 728 829 postica
756 800 893 828 quoque
926 790 993 817 ima
1020 788 1090 817 basi
1126 788 1231 826 nigra.
1259 789 1354 819 Tarsi

111 853 301 883 anteriores
328 854 453 883 leniter
478 853 657 890 infuscati,
693 855 884 883 metam-sis
911 854 1032 890 luteis;
1060 853 1182 891 postici
1209 863 1356 892 superne

110 917 212 946 susci.

134 998 227 1038 Var.
275 998 310 1036 b.
359 996 402 1048 ῼ.
436 999 658 1039 femoribus
703 1002 862 1051 posticis
892 999 1042 1038 annulo
1073 997 1204 1037 medio
1235 1012 1358 1052 angu-

16 1079 77 1112 sto
107 1074 218 1113 fusco
248 1086 338 1113 cum
371 1075 566 1112 varietate
599 1089 617 1112 a
651 1077 860 1114 rarissime.

138 1145 198 1187 14.
232 1145 278 1196 S
305 1151 446 1187 ndens
478 1149 512 1187 2.
545 1162 579 1200 p.
609 1148 705 1189 712.

71 1238 152 1272 Οὐδ.
180 1239 357 1272 Femina}
391 1242 483 1271 frons
521 1243 691 1282 posterius
726 1244 850 1272 sensim
886 1247 1075 1281 angustata,
1102 1242 1230 1271 vertice
1257 1252 1358 1280 quam

113 1307 215 1336 solito
243 1309 443 1345 angustiori.
485 1308 523 1337 In
559 1309 758 1347 epistnmate
793 1309 1025 1337 rudimentum
1058 1308 1157 1337 lineae
1190 1308 1358 1344 brunneae,

115 1381 233 1412 parum
262 1372 349 1400 ultra
376 1372 526 1401 medium
555 1373 774 1410 assurgentis.
808 1373 1000 1402 Scuteilum
1028 1373 1303 1411 nigro-pilosum.

73 1433 165 1467 IVIas.
193 1436 397 1466 Simillimus
433 1437 570 1465 omnino
607 1437 738 1465 seminae
764 1436 956 1475 descriptae,
995 1436 1042 1465 et*
1061 1442 1190 1466 tantum
1217 1436 1354 1466 differt:

93 1501 222 1530 ‘fronte
249 1505 327 1529 ante
353 1501 473 1529 oculos
499 1511 672 1530 connexos
709 1506 779 1529 tota
804 1501 908 1537 flava,
945 1502 1187 1539 nigro-pilosa,
1223 1502 1354 1539 punctis

110 1566 128 1594 2
163 1565 306 1602 olviiqvis
339 1565 500 1594 brunneis
533 1575 631 1603 supra
664 1570 844 1601 antennas,
879 1565 1070 1594 abdominis
1110 1565 1221 1594 fasciis
1259 1565 1353 1594 ssavis

112 1629 326 1659 intermediis
353 1630 612 1664 subundulatis‚
640 1631 750 1658 antice
788 1630 989 1667 pnsticeque
1015 1629 1130 1667 paullo
1167 1631 1353 1667 emargina-

111 1695 172 1731 tis,
199 1699 368 1723 tarsorum
403 1696 612 1732 posticorum
650 1694 804 1722 articulis
837 1694 874 1729 2,
901 1694 920 1722 3
948 1698 980 1721 et
1010 1692 1031 1722 4
1057 1694 1217 1723 brunneis
1245 1698 1278 1723 et
1303 1695 1357 1723 vix

112 1759 245 1797 vestigii
272 1758 389 1787 annuli
416 1759 517 1788 medii
546 1761 578 1788 in
607 1759 696 1787 tibiis
723 1759 880 1797 posticis3
908 1758 1153 1788 verosimiliter
1177 1755 1290 1797 hujus.
1318 1758 1357 1787 In

111 1823 285 1863 Lapponia
311 1823 450 1852 Umensi
477 1824 518 1853 ad
545 1823 712 1863 Lycksele
739 1822 845 1851 semel
871 1826 1003 1861 captus.

140 1904 196 1944 15.
231 1902 273 1942 S.
305 1902 537 1954 bffitsce'ctltl
569 1906 604 1944 ⁴2.
637 1917 673 1955 p.
702 1903 795 1944 713.

143 1978 203 2019 16.
237 1976 277 2019 S.
311 1979 470 2018 lineola
501 1980 538 2018 2.
570 1994 606 2032 p.
635 1978 730 2020 714.
820 1979 822 1981 ’

139 2054 265 2094 Etiam
312 2057 349 2093 in
391 2057 574 2104 paroecia
616 2043 891 2097 O'fver-Lulez‘}
937 2057 983 2096 ad
1026 2054 1261 2102 Rfibzicken,
1314 2054 1357 2093 D.

26 2125 248 2168 Bohemcm.

72 2227 153 2261 obs.
179 2232 217 2261 Iu
244 2233 366 2263 litteris
392 2235 567 2263 admonuit
591 2233 633 2263 D.
662 2230 804 2277 Stceger
828 2235 912 2264 hanc
933 2239 965 2263 et
985 2231 1039 2263 Sc.
1061 2232 1280 2264 annulatam
1306 2232 1353 2273 (p.

113 2294 179 2324 744
213 2308 267 2326 n:o
302 2298 359 2337 47)
395 2304 507 2335 certe,
541 2303 576 2327 ut
602 2299 667 2328 Ille
694 2303 808 2337 putat,
835 2299 875 2328 ad
913 2299 1055 2328 eandem
1081 2299 1254 2336 pertinere
1281 2308 1354 2338 spe-

109 2360 206 2388 ciem.
234 2361 302 2391 Sed
328 2373 386 2401 per
411 2364 680 2400 magnitudinem
715 2364 829 2402 paullo
857 2361 1039 2402 majorem,
1072 2367 1235 2392 antennas
1270 2373 1351 2392 uon-

111 2425 194 2456 nihil
222 2428 457 2463 obscuriores,
486 2429 659 2457 thoracem
684 2429 912 2467 subopacum,
941 2438 1002 2457 nec
1029 2427 1194 2464 nitidum,
1221 2427 1352 2455 alarum

113 2493 233 2530 stigma
260 2490 446 2530 nigricans,
475 2502 535 2522 nec
567 2492 775 2531 pallescens,
804 2497 836 2521 et
863 2493 1027 2532 praecipue
1052 2491 1156 2531 pedes
1181 2491 1224 2521 ad
1249 2487 1355 2529 majo÷
