<?xml version="1.0" encoding="UTF-8"?>
<!DOCTYPE html PUBLIC "-//W3C//DTD XHTML 1.0 Transitional//EN"
    "http://www.w3.org/TR/xhtml1/DTD/xhtml1-transitional.dtd">
<html xmlns="http://www.w3.org/1999/xhtml" xml:lang="en" lang="en">
 <head>
  <title>
</title>
<meta http-equiv="Content-Type" content="text/html;charset=utf-8" />
  <meta name='ocr-system' content='tesseract 3.04.00' />
  <meta name='ocr-capabilities' content='ocr_page ocr_carea ocr_par ocr_line ocrx_word'/>
</head>
<body>
  <div class='ocr_page' id='page_1' title='image "./dipterascandinav78zett_0080.png"; bbox 0 0 1452 2912; ppageno 0'>
   <div class='ocr_carea' id='block_1_1' title="bbox 88 126 906 170">
    <p class='ocr_par' dir='ltr' id='par_1_1' title="bbox 88 126 906 170">
     <span class='ocr_line' id='line_1_1' title="bbox 88 126 906 170; baseline 0.004 -3"><span class='ocrx_word' id='word_1_1' title='bbox 88 129 198 168; x_wconf 72' lang='lat'>2646</span> <span class='ocrx_word' id='word_1_2' title='bbox 600 126 692 166; x_wconf 71' lang='lat'><strong>188.</strong></span> <span class='ocrx_word' id='word_1_3' title='bbox 727 128 906 170; x_wconf 62' lang='lat' dir='ltr'>(Is-ciuis.</span> 
     </span>
    </p>
   </div>
   <div class='ocr_carea' id='block_1_2' title="bbox 90 240 1435 588">
    <p class='ocr_par' dir='ltr' id='par_1_2' title="bbox 90 240 1435 588">
     <span class='ocr_line' id='line_1_2' title="bbox 93 240 1431 297; baseline -0.001 -14"><span class='ocrx_word' id='word_1_4' title='bbox 93 247 132 283; x_wconf 90' lang='lat' dir='ltr'>in</span> <span class='ocrx_word' id='word_1_5' title='bbox 164 242 383 294; x_wconf 76' lang='lat' dir='ltr'>Norwegia</span> <span class='ocrx_word' id='word_1_6' title='bbox 416 255 435 280; x_wconf 87' lang='lat' dir='ltr'>a</span> <span class='ocrx_word' id='word_1_7' title='bbox 469 240 705 282; x_wconf 73' lang='lat' dir='ltr'>Christiania</span> <span class='ocrx_word' id='word_1_8' title='bbox 738 257 863 296; x_wconf 85' lang='lat' dir='ltr'>usque</span> <span class='ocrx_word' id='word_1_9' title='bbox 904 245 952 283; x_wconf 80' lang='lat' dir='ltr'>ad</span> <span class='ocrx_word' id='word_1_10' title='bbox 998 245 1170 297; x_wconf 62' lang='lat' dir='ltr'>Thynfis,</span> <span class='ocrx_word' id='word_1_11' title='bbox 1209 243 1362 283; x_wconf 65' lang='lat' dir='ltr'>Garnfis</span> <span class='ocrx_word' id='word_1_12' title='bbox 1391 242 1431 282; x_wconf 65' lang='grc' dir='ltr'>(ζ’,</span> 
     </span>
     <span class='ocr_line' id='line_1_3' title="bbox 90 317 1432 372; baseline -0.001 -14"><span class='ocrx_word' id='word_1_13' title='bbox 90 318 192 358; x_wconf 84' lang='lat' dir='ltr'>Sunt</span> <span class='ocrx_word' id='word_1_14' title='bbox 238 317 465 363; x_wconf 78' lang='lat' dir='ltr'>Vaerdatiae,</span> <span class='ocrx_word' id='word_1_15' title='bbox 504 323 627 370; x_wconf 86' lang='lat' dir='ltr'>atque</span> <span class='ocrx_word' id='word_1_16' title='bbox 668 319 861 370; x_wconf 68' lang='lat' dir='ltr'>Bjcsrkvik</span> <span class='ocrx_word' id='word_1_17' title='bbox 895 319 933 359; x_wconf 66' lang='grc' dir='ltr'>(ξι</span> <span class='ocrx_word' id='word_1_18' title='bbox 965 326 1127 372; x_wconf 75' lang='lat' dir='ltr'>nyroen</span> <span class='ocrx_word' id='word_1_19' title='bbox 1158 318 1432 366; x_wconf 83' lang='lat' dir='ltr'>Nordlandiae‚</span> 
     </span>
     <span class='ocr_line' id='line_1_4' title="bbox 94 392 1432 441; baseline -0.001 -10"><span class='ocrx_word' id='word_1_20' title='bbox 94 394 256 432; x_wconf 87' lang='lat' dir='ltr'>minime</span> <span class='ocrx_word' id='word_1_21' title='bbox 288 405 399 440; x_wconf 86' lang='lat' dir='ltr'>rara;</span> <span class='ocrx_word' id='word_1_22' title='bbox 430 405 451 432; x_wconf 87' lang='lat' dir='ltr'>e</span> <span class='ocrx_word' id='word_1_23' title='bbox 482 393 604 432; x_wconf 84' lang='lat' dir='ltr'>Dania</span> <span class='ocrx_word' id='word_1_24' title='bbox 638 397 758 432; x_wconf 85' lang='lat' dir='ltr'>etiam</span> <span class='ocrx_word' id='word_1_25' title='bbox 792 398 924 435; x_wconf 78' lang='lat' dir='ltr'>missa.</span> <span class='ocrx_word' id='word_1_26' title='bbox 957 396 1007 441; x_wconf 91' lang='lat' dir='ltr'>(E</span> <span class='ocrx_word' id='word_1_27' title='bbox 1039 395 1243 434; x_wconf 83' lang='lat' dir='ltr'>Finlandia</span> <span class='ocrx_word' id='word_1_28' title='bbox 1275 407 1294 432; x_wconf 80' lang='lat' dir='ltr'>a</span> <span class='ocrx_word' id='word_1_29' title='bbox 1322 392 1432 431; x_wconf 74' lang='lat' dir='ltr'>Prof.</span> 
     </span>
     <span class='ocr_line' id='line_1_5' title="bbox 96 465 1435 520; baseline -0.001 -14"><span class='ocrx_word' id='word_1_30' title='bbox 96 465 324 519; x_wconf 80' lang='lat' dir='ltr'>Sahlberg,</span> <span class='ocrx_word' id='word_1_31' title='bbox 357 466 396 505; x_wconf 69' lang='lat' dir='ltr'>da</span> <span class='ocrx_word' id='word_1_32' title='bbox 426 480 473 506; x_wconf 77' lang='lat' dir='ltr'>ex</span> <span class='ocrx_word' id='word_1_33' title='bbox 508 467 772 520; x_wconf 77' lang='lat' dir='ltr'>Helgolnndia</span> <span class='ocrx_word' id='word_1_34' title='bbox 805 482 823 506; x_wconf 83' lang='lat' dir='ltr'>a</span> <span class='ocrx_word' id='word_1_35' title='bbox 858 468 971 508; x_wconf 82' lang='lat' dir='ltr'>Doct.</span> <span class='ocrx_word' id='word_1_36' title='bbox 1005 467 1213 509; x_wconf 81' lang='lat' dir='ltr'>Dahlbom</span> <span class='ocrx_word' id='word_1_37' title='bbox 1254 479 1435 508; x_wconf 86' lang='lat' dir='ltr'>commu-</span> 
     </span>
     <span class='ocr_line' id='line_1_6' title="bbox 94 544 261 588; baseline 0 -8"><span class='ocrx_word' id='word_1_38' title='bbox 94 544 261 588; x_wconf 79' lang='lat' dir='ltr'>nicata).</span> 
     </span>
    </p>
   </div>
   <div class='ocr_carea' id='block_1_3' title="bbox 139 696 1452 2110">
    <p class='ocr_par' dir='ltr' id='par_1_3' title="bbox 139 696 1452 2110">
     <span class='ocr_line' id='line_1_7' title="bbox 161 696 174 717; baseline 0 0"><span class='ocrx_word' id='word_1_39' title='bbox 161 696 174 717; x_wconf 75' lang='grc' dir='ltr'>ι’</span> 
     </span>
     <span class='ocr_line' id='line_1_8' title="bbox 139 727 1434 769; baseline 0 -11"><span class='ocrx_word' id='word_1_40' title='bbox 139 727 211 767; x_wconf 72' lang='grc' dir='ltr'>ὀᾭ.</span> <span class='ocrx_word' id='word_1_41' title='bbox 260 729 355 758; x_wconf 84' lang='lat' dir='ltr'>Inter</span> <span class='ocrx_word' id='word_1_42' title='bbox 380 730 536 758; x_wconf 81' lang='lat' dir='ltr'>minimas</span> <span class='ocrx_word' id='word_1_43' title='bbox 563 727 664 768; x_wconf 85' lang='lat' dir='ltr'>hujus</span> <span class='ocrx_word' id='word_1_44' title='bbox 691 730 838 767; x_wconf 80' lang='lat' dir='ltr'>generis,</span> <span class='ocrx_word' id='word_1_45' title='bbox 873 729 898 757; x_wconf 87' lang='lat' dir='ltr'>si</span> <span class='ocrx_word' id='word_1_46' title='bbox 927 738 995 757; x_wconf 90' lang='lat' dir='ltr'>non</span> <span class='ocrx_word' id='word_1_47' title='bbox 1021 729 1174 766; x_wconf 82' lang='lat' dir='ltr'>minima,</span> <span class='ocrx_word' id='word_1_48' title='bbox 1200 729 1315 768; x_wconf 87' lang='lat' dir='ltr'>pulice</span> <span class='ocrx_word' id='word_1_49' title='bbox 1340 730 1434 769; x_wconf 59' lang='grc' dir='ltr'><strong>περὶ·</strong></span> 
     </span>
     <span class='ocr_line' id='line_1_9' title="bbox 179 793 1452 832; baseline 0 -10"><span class='ocrx_word' id='word_1_50' title='bbox 179 804 218 822; x_wconf 86' lang='lat' dir='ltr'>us</span> <span class='ocrx_word' id='word_1_51' title='bbox 251 794 375 823; x_wconf 86' lang='lat' dir='ltr'>minor.</span> <span class='ocrx_word' id='word_1_52' title='bbox 424 794 490 823; x_wconf 79' lang='lat' dir='ltr'>Per</span> <span class='ocrx_word' id='word_1_53' title='bbox 531 794 618 822; x_wconf 80' lang='lat' dir='ltr'>lianc</span> <span class='ocrx_word' id='word_1_54' title='bbox 663 794 860 829; x_wconf 88' lang='lat' dir='ltr'>minutiem,</span> <span class='ocrx_word' id='word_1_55' title='bbox 904 793 1058 822; x_wconf 85' lang='lat' dir='ltr'>colorem</span> <span class='ocrx_word' id='word_1_56' title='bbox 1093 795 1249 832; x_wconf 84' lang='lat' dir='ltr'>corporis</span> <span class='ocrx_word' id='word_1_57' title='bbox 1283 794 1452 823; x_wconf 66' lang='lat' dir='ltr'>sumena--</span> 
     </span>
     <span class='ocr_line' id='line_1_10' title="bbox 182 855 1434 897; baseline 0 -11"><span class='ocrx_word' id='word_1_58' title='bbox 182 858 444 895; x_wconf 80' lang='lat' dir='ltr'>scenti-nigrum</span> <span class='ocrx_word' id='word_1_59' title='bbox 472 855 507 893; x_wconf 63' lang='grc' dir='ltr'>ὃς</span> <span class='ocrx_word' id='word_1_60' title='bbox 532 858 679 895; x_wconf 84' lang='lat' dir='ltr'>partium</span> <span class='ocrx_word' id='word_1_61' title='bbox 704 861 828 892; x_wconf 84' lang='lat' dir='ltr'>atrum,</span> <span class='ocrx_word' id='word_1_62' title='bbox 855 857 1006 896; x_wconf 83' lang='lat' dir='ltr'>exceptis</span> <span class='ocrx_word' id='word_1_63' title='bbox 1032 857 1095 886; x_wconf 81' lang='lat' dir='ltr'>atis</span> <span class='ocrx_word' id='word_1_64' title='bbox 1115 857 1340 897; x_wconf 81' lang='lat' dir='ltr'>subhyalinis,</span> <span class='ocrx_word' id='word_1_65' title='bbox 1360 856 1434 886; x_wconf 85' lang='lat' dir='ltr'>hal·</span> 
     </span>
     <span class='ocr_line' id='line_1_11' title="bbox 185 918 1434 959; baseline 0.001 -10"><span class='ocrx_word' id='word_1_66' title='bbox 185 922 314 950; x_wconf 82' lang='lat' dir='ltr'>teribus</span> <span class='ocrx_word' id='word_1_67' title='bbox 343 918 378 956; x_wconf 62' lang='grc' dir='ltr'>ὃς</span> <span class='ocrx_word' id='word_1_68' title='bbox 404 921 501 950; x_wconf 81' lang='lat' dir='ltr'>tarsis</span> <span class='ocrx_word' id='word_1_69' title='bbox 527 921 674 959; x_wconf 78' lang='lat' dir='ltr'>pallidis,</span> <span class='ocrx_word' id='word_1_70' title='bbox 703 922 742 949; x_wconf 78' lang='lat' dir='ltr'>ab</span> <span class='ocrx_word' id='word_1_71' title='bbox 768 920 927 949; x_wconf 74' lang='lat' dir='ltr'>affinibus</span> <span class='ocrx_word' id='word_1_72' title='bbox 954 920 1167 959; x_wconf 74' lang='lat' dir='ltr'>dignoscitur</span> <span class='ocrx_word' id='word_1_73' title='bbox 1190 921 1257 950; x_wconf 83' lang='lat' dir='ltr'>haec</span> <span class='ocrx_word' id='word_1_74' title='bbox 1291 922 1326 950; x_wconf 89' lang='lat' dir='ltr'>in</span> <span class='ocrx_word' id='word_1_75' title='bbox 1351 921 1434 950; x_wconf 81' lang='lat' dir='ltr'>Sve-</span> 
     </span>
     <span class='ocr_line' id='line_1_12' title="bbox 187 983 1435 1024; baseline -0.001 -10"><span class='ocrx_word' id='word_1_76' title='bbox 187 986 240 1014; x_wconf 77' lang='lat' dir='ltr'>cin</span> <span class='ocrx_word' id='word_1_77' title='bbox 267 986 395 1023; x_wconf 88' lang='lat' dir='ltr'>ubique</span> <span class='ocrx_word' id='word_1_78' title='bbox 421 985 661 1024; x_wconf 78' lang='lat' dir='ltr'>copiosissime</span> <span class='ocrx_word' id='word_1_79' title='bbox 687 985 787 1013; x_wconf 77' lang='lat' dir='ltr'>obvia</span> <span class='ocrx_word' id='word_1_80' title='bbox 814 985 957 1023; x_wconf 82' lang='lat' dir='ltr'>species.</span> <span class='ocrx_word' id='word_1_81' title='bbox 1001 983 1135 1015; x_wconf 64' lang='lat' dir='ltr'>Nitida.</span> <span class='ocrx_word' id='word_1_82' title='bbox 1185 986 1293 1024; x_wconf 78' lang='lat' dir='ltr'>Caput</span> <span class='ocrx_word' id='word_1_83' title='bbox 1317 988 1435 1014; x_wconf 88' lang='lat' dir='ltr'>rotun-</span> 
     </span>
     <span class='ocr_line' id='line_1_13' title="bbox 183 1049 1437 1087; baseline 0.001 -10"><span class='ocrx_word' id='word_1_84' title='bbox 183 1049 313 1085; x_wconf 84' lang='lat' dir='ltr'>datum,</span> <span class='ocrx_word' id='word_1_85' title='bbox 340 1050 452 1078; x_wconf 85' lang='lat' dir='ltr'>antice</span> <span class='ocrx_word' id='word_1_86' title='bbox 486 1058 690 1084; x_wconf 79' lang='lat' dir='ltr'>convexum,</span> <span class='ocrx_word' id='word_1_87' title='bbox 719 1053 827 1076; x_wconf 85' lang='lat' dir='ltr'>toturn</span> <span class='ocrx_word' id='word_1_88' title='bbox 855 1053 966 1077; x_wconf 84' lang='lat' dir='ltr'>atrum</span> <span class='ocrx_word' id='word_1_89' title='bbox 1006 1058 1163 1087; x_wconf 80' lang='lat' dir='ltr'>opacum,</span> <span class='ocrx_word' id='word_1_90' title='bbox 1196 1049 1330 1079; x_wconf 78' lang='lat' dir='ltr'>macula</span> <span class='ocrx_word' id='word_1_91' title='bbox 1362 1058 1437 1078; x_wconf 79' lang='lat' dir='ltr'>ver·</span> 
     </span>
     <span class='ocr_line' id='line_1_14' title="bbox 185 1111 1439 1151; baseline 0.001 -11"><span class='ocrx_word' id='word_1_92' title='bbox 185 1111 262 1140; x_wconf 86' lang='lat' dir='ltr'>ticis</span> <span class='ocrx_word' id='word_1_93' title='bbox 287 1121 409 1150; x_wconf 77' lang='lat' dir='ltr'>magna</span> <span class='ocrx_word' id='word_1_94' title='bbox 436 1113 571 1151; x_wconf 77' lang='lat' dir='ltr'>trigona</span> <span class='ocrx_word' id='word_1_95' title='bbox 592 1112 710 1147; x_wconf 82' lang='lat' dir='ltr'>nitida,</span> <span class='ocrx_word' id='word_1_96' title='bbox 738 1112 897 1140; x_wconf 85' lang='lat' dir='ltr'>acumine</span> <span class='ocrx_word' id='word_1_97' title='bbox 923 1112 1037 1140; x_wconf 77' lang='lat' dir='ltr'>antico</span> <span class='ocrx_word' id='word_1_98' title='bbox 1065 1112 1108 1141; x_wconf 83' lang='lat' dir='ltr'>ad</span> <span class='ocrx_word' id='word_1_99' title='bbox 1133 1117 1360 1141; x_wconf 82' lang='lat' dir='ltr'>antennarum</span> <span class='ocrx_word' id='word_1_100' title='bbox 1384 1121 1439 1142; x_wconf 83' lang='lat' dir='ltr'>ra·</span> 
     </span>
     <span class='ocr_line' id='line_1_15' title="bbox 181 1175 1437 1212; baseline 0 -8"><span class='ocrx_word' id='word_1_101' title='bbox 181 1175 294 1205; x_wconf 88' lang='lat' dir='ltr'>dicem</span> <span class='ocrx_word' id='word_1_102' title='bbox 320 1176 392 1205; x_wconf 79' lang='lat' dir='ltr'>sere</span> <span class='ocrx_word' id='word_1_103' title='bbox 419 1180 572 1212; x_wconf 83' lang='lat' dir='ltr'>extensa,</span> <span class='ocrx_word' id='word_1_104' title='bbox 599 1177 672 1205; x_wconf 77' lang='lat' dir='ltr'>bnsi</span> <span class='ocrx_word' id='word_1_105' title='bbox 697 1175 850 1205; x_wconf 80' lang='lat' dir='ltr'>dilatata.</span> <span class='ocrx_word' id='word_1_106' title='bbox 899 1176 1060 1205; x_wconf 80' lang='lat' dir='ltr'>Antennae</span> <span class='ocrx_word' id='word_1_107' title='bbox 1093 1176 1288 1205; x_wconf 88' lang='lat' dir='ltr'>mediocres</span> <span class='ocrx_word' id='word_1_108' title='bbox 1317 1179 1437 1204; x_wconf 84' lang='lat' dir='ltr'>rotun-</span> 
     </span>
     <span class='ocr_line' id='line_1_16' title="bbox 187 1239 1435 1278; baseline 0.001 -11"><span class='ocrx_word' id='word_1_109' title='bbox 187 1239 270 1268; x_wconf 73' lang='lat' dir='ltr'>datae</span> <span class='ocrx_word' id='word_1_110' title='bbox 294 1244 382 1276; x_wconf 73' lang='lat' dir='ltr'>atrae,</span> <span class='ocrx_word' id='word_1_111' title='bbox 409 1245 481 1269; x_wconf 77' lang='lat' dir='ltr'>seta</span> <span class='ocrx_word' id='word_1_112' title='bbox 508 1240 704 1277; x_wconf 78' lang='lat' dir='ltr'>geniculata</span> <span class='ocrx_word' id='word_1_113' title='bbox 729 1249 849 1268; x_wconf 78' lang='lat' dir='ltr'>revera</span> <span class='ocrx_word' id='word_1_114' title='bbox 884 1240 991 1278; x_wconf 82' lang='lat' dir='ltr'>nigra,</span> <span class='ocrx_word' id='word_1_115' title='bbox 1018 1240 1077 1269; x_wconf 89' lang='lat' dir='ltr'>sed</span> <span class='ocrx_word' id='word_1_116' title='bbox 1104 1244 1198 1269; x_wconf 79' lang='lat' dir='ltr'>certo</span> <span class='ocrx_word' id='word_1_117' title='bbox 1225 1239 1365 1268; x_wconf 87' lang='lat' dir='ltr'>luminis</span> <span class='ocrx_word' id='word_1_118' title='bbox 1392 1239 1435 1268; x_wconf 87' lang='lat' dir='ltr'>si·</span> 
     </span>
     <span class='ocr_line' id='line_1_17' title="bbox 184 1299 1438 1344; baseline 0.001 -13"><span class='ocrx_word' id='word_1_119' title='bbox 184 1307 217 1331; x_wconf 91' lang='lat' dir='ltr'>tu</span> <span class='ocrx_word' id='word_1_120' title='bbox 245 1304 343 1341; x_wconf 87' lang='lat' dir='ltr'>quasi</span> <span class='ocrx_word' id='word_1_121' title='bbox 369 1304 580 1340; x_wconf 81' lang='lat' dir='ltr'>albo-micat,</span> <span class='ocrx_word' id='word_1_122' title='bbox 607 1303 698 1332; x_wconf 85' lang='lat' dir='ltr'>unde</span> <span class='ocrx_word' id='word_1_123' title='bbox 725 1313 743 1332; x_wconf 81' lang='lat' dir='ltr'>a</span> <span class='ocrx_word' id='word_1_124' title='bbox 773 1299 921 1343; x_wconf 54' lang='lat' dir='ltr'>»Weigen</span> <span class='ocrx_word' id='word_1_125' title='bbox 944 1301 979 1339; x_wconf 64' lang='grc' dir='ltr'><strong>δῖ</strong></span> <span class='ocrx_word' id='word_1_126' title='bbox 1004 1300 1201 1344; x_wconf 78' lang='lat' dir='ltr'>Macqvart</span> <span class='ocrx_word' id='word_1_127' title='bbox 1221 1303 1243 1333; x_wconf 91' lang='lat' dir='ltr'>l.</span> <span class='ocrx_word' id='word_1_128' title='bbox 1262 1313 1293 1332; x_wconf 87' lang='lat' dir='ltr'>c.</span> <span class='ocrx_word' id='word_1_129' title='bbox 1311 1300 1438 1332; x_wconf 73' lang='lat' dir='ltr'>’&#39;alba”</span> 
     </span>
     <span class='ocr_line' id='line_1_18' title="bbox 186 1366 1436 1407; baseline 0.001 -12"><span class='ocrx_word' id='word_1_130' title='bbox 186 1366 324 1397; x_wconf 84' lang='lat' dir='ltr'>dicitur.</span> <span class='ocrx_word' id='word_1_131' title='bbox 385 1368 560 1407; x_wconf 82' lang='lat' dir='ltr'>Epistoma</span> <span class='ocrx_word' id='word_1_132' title='bbox 593 1366 880 1406; x_wconf 59' lang='lat' dir='ltr'>perpendiculares</span> <span class='ocrx_word' id='word_1_133' title='bbox 915 1367 1002 1396; x_wconf 79' lang='lat' dir='ltr'>infra</span> <span class='ocrx_word' id='word_1_134' title='bbox 1036 1367 1158 1396; x_wconf 87' lang='lat' dir='ltr'>oculos</span> <span class='ocrx_word' id='word_1_135' title='bbox 1193 1377 1261 1396; x_wconf 88' lang='lat' dir='ltr'>non</span> <span class='ocrx_word' id='word_1_136' title='bbox 1295 1366 1436 1396; x_wconf 83' lang='lat' dir='ltr'>‹lescen-</span> 
     </span>
     <span class='ocr_line' id='line_1_19' title="bbox 191 1429 1437 1470; baseline -0.001 -10"><span class='ocrx_word' id='word_1_137' title='bbox 191 1432 286 1460; x_wconf 79' lang='lat' dir='ltr'>dens.</span> <span class='ocrx_word' id='word_1_138' title='bbox 336 1431 428 1470; x_wconf 73' lang='lat' dir='ltr'>Palpi</span> <span class='ocrx_word' id='word_1_139' title='bbox 457 1429 491 1466; x_wconf 61' lang='grc' dir='ltr'>ἐς</span> <span class='ocrx_word' id='word_1_140' title='bbox 516 1432 692 1470; x_wconf 72' lang='lat' dir='ltr'>proboscis</span> <span class='ocrx_word' id='word_1_141' title='bbox 719 1435 803 1459; x_wconf 81' lang='lat' dir='ltr'>atra.</span> <span class='ocrx_word' id='word_1_142' title='bbox 853 1431 954 1459; x_wconf 86' lang='lat' dir='ltr'>Oculi</span> <span class='ocrx_word' id='word_1_143' title='bbox 980 1431 1105 1469; x_wconf 83' lang='lat' dir='ltr'>magni,</span> <span class='ocrx_word' id='word_1_144' title='bbox 1123 1432 1158 1461; x_wconf 87' lang='lat' dir='ltr'>in</span> <span class='ocrx_word' id='word_1_145' title='bbox 1175 1431 1250 1460; x_wconf 81' lang='lat' dir='ltr'>viva</span> <span class='ocrx_word' id='word_1_146' title='bbox 1268 1439 1437 1460; x_wconf 72' lang='lat' dir='ltr'>aenescen·</span> 
     </span>
     <span class='ocr_line' id='line_1_20' title="bbox 183 1493 1437 1533; baseline -0.002 -9"><span class='ocrx_word' id='word_1_147' title='bbox 183 1500 248 1524; x_wconf 83' lang='lat' dir='ltr'>tes.</span> <span class='ocrx_word' id='word_1_148' title='bbox 297 1495 434 1525; x_wconf 72' lang='lat' dir='ltr'>Thorax·</span> <span class='ocrx_word' id='word_1_149' title='bbox 462 1497 567 1533; x_wconf 80' lang='lat' dir='ltr'>niger,</span> <span class='ocrx_word' id='word_1_150' title='bbox 594 1500 689 1524; x_wconf 87' lang='lat' dir='ltr'>certo</span> <span class='ocrx_word' id='word_1_151' title='bbox 727 1495 793 1523; x_wconf 84' lang='lat' dir='ltr'>situ</span> <span class='ocrx_word' id='word_1_152' title='bbox 823 1495 968 1524; x_wconf 75' lang='lat' dir='ltr'>obscure</span> <span class='ocrx_word' id='word_1_153' title='bbox 1002 1496 1253 1525; x_wconf 74' lang='lat' dir='ltr'>amen-micans.</span> <span class='ocrx_word' id='word_1_154' title='bbox 1301 1493 1437 1525; x_wconf 87' lang='lat' dir='ltr'>Scutel-</span> 
     </span>
     <span class='ocr_line' id='line_1_21' title="bbox 186 1558 1435 1598; baseline -0.001 -11"><span class='ocrx_word' id='word_1_155' title='bbox 186 1559 257 1588; x_wconf 89' lang='lat' dir='ltr'>lum</span> <span class='ocrx_word' id='word_1_156' title='bbox 284 1569 424 1598; x_wconf 80' lang='lat' dir='ltr'>parvum</span> <span class='ocrx_word' id='word_1_157' title='bbox 451 1559 628 1595; x_wconf 82' lang='lat' dir='ltr'>concolor,</span> <span class='ocrx_word' id='word_1_158' title='bbox 657 1563 693 1587; x_wconf 86' lang='lat' dir='ltr'>ut</span> <span class='ocrx_word' id='word_1_159' title='bbox 718 1559 802 1587; x_wconf 82' lang='lat' dir='ltr'>milii</span> <span class='ocrx_word' id='word_1_160' title='bbox 835 1559 972 1588; x_wconf 74' lang='lat' dir='ltr'>videtur</span> <span class='ocrx_word' id='word_1_161' title='bbox 1004 1560 1272 1589; x_wconf 82' lang='lat' dir='ltr'>subconvexum.</span> <span class='ocrx_word' id='word_1_162' title='bbox 1321 1558 1435 1587; x_wconf 83' lang='lat' dir='ltr'>Abdo-</span> 
     </span>
     <span class='ocr_line' id='line_1_22' title="bbox 186 1620 1435 1661; baseline -0.001 -9"><span class='ocrx_word' id='word_1_163' title='bbox 186 1633 263 1652; x_wconf 83' lang='lat' dir='ltr'>men</span> <span class='ocrx_word' id='word_1_164' title='bbox 290 1624 489 1661; x_wconf 84' lang='lat' dir='ltr'>oblongum,</span> <span class='ocrx_word' id='word_1_165' title='bbox 523 1623 557 1651; x_wconf 87' lang='lat' dir='ltr'>in</span> <span class='ocrx_word' id='word_1_166' title='bbox 594 1620 624 1655; x_wconf 61' lang='grc' dir='ltr'><em>ὅ</em></span> <span class='ocrx_word' id='word_1_167' title='bbox 651 1623 873 1661; x_wconf 82' lang='lat' dir='ltr'>augustulum</span> <span class='ocrx_word' id='word_1_168' title='bbox 907 1624 1004 1661; x_wconf 84' lang='lat' dir='ltr'>apice</span> <span class='ocrx_word' id='word_1_169' title='bbox 1037 1624 1211 1660; x_wconf 87' lang='lat' dir='ltr'>obtusum,</span> <span class='ocrx_word' id='word_1_170' title='bbox 1244 1623 1280 1652; x_wconf 89' lang='lat' dir='ltr'>in</span> <span class='ocrx_word' id='word_1_171' title='bbox 1305 1623 1329 1660; x_wconf 81' lang='grc' dir='ltr'>ῼ</span> <span class='ocrx_word' id='word_1_172' title='bbox 1355 1631 1435 1652; x_wconf 85' lang='lat' dir='ltr'>acu-</span> 
     </span>
     <span class='ocr_line' id='line_1_23' title="bbox 188 1686 1434 1726; baseline 0.001 -12"><span class='ocrx_word' id='word_1_173' title='bbox 188 1691 258 1715; x_wconf 82' lang='lat' dir='ltr'>tum</span> <span class='ocrx_word' id='word_1_174' title='bbox 285 1693 403 1716; x_wconf 82' lang='lat' dir='ltr'>ventre</span> <span class='ocrx_word' id='word_1_175' title='bbox 429 1688 463 1716; x_wconf 84' lang='lat' dir='ltr'>in</span> <span class='ocrx_word' id='word_1_176' title='bbox 490 1688 563 1715; x_wconf 73' lang='lat' dir='ltr'>iiva</span> <span class='ocrx_word' id='word_1_177' title='bbox 589 1686 720 1715; x_wconf 84' lang='lat' dir='ltr'>tumido</span> <span class='ocrx_word' id='word_1_178' title='bbox 756 1686 974 1723; x_wconf 77' lang='lat' dir='ltr'>rufescente3</span> <span class='ocrx_word' id='word_1_179' title='bbox 1007 1687 1042 1715; x_wconf 86' lang='lat' dir='ltr'>in</span> <span class='ocrx_word' id='word_1_180' title='bbox 1068 1692 1219 1726; x_wconf 80' lang='lat' dir='ltr'>utroque</span> <span class='ocrx_word' id='word_1_181' title='bbox 1244 1696 1329 1717; x_wconf 77' lang='lat' dir='ltr'>sexu</span> <span class='ocrx_word' id='word_1_182' title='bbox 1361 1686 1434 1716; x_wconf 82' lang='lat' dir='ltr'>tho-</span> 
     </span>
     <span class='ocr_line' id='line_1_24' title="bbox 183 1749 1438 1791; baseline 0.001 -13"><span class='ocrx_word' id='word_1_183' title='bbox 183 1752 253 1779; x_wconf 79' lang='lat' dir='ltr'>raci</span> <span class='ocrx_word' id='word_1_184' title='bbox 294 1752 470 1781; x_wconf 87' lang='lat' dir='ltr'>concolor.</span> <span class='ocrx_word' id='word_1_185' title='bbox 519 1751 586 1780; x_wconf 72' lang='lat' dir='ltr'>Atae</span> <span class='ocrx_word' id='word_1_186' title='bbox 612 1750 794 1779; x_wconf 78' lang='lat' dir='ltr'>abdomine</span> <span class='ocrx_word' id='word_1_187' title='bbox 820 1749 938 1788; x_wconf 84' lang='lat' dir='ltr'>paullo</span> <span class='ocrx_word' id='word_1_188' title='bbox 978 1750 1167 1788; x_wconf 79' lang='lat' dir='ltr'>longiores,</span> <span class='ocrx_word' id='word_1_189' title='bbox 1200 1751 1361 1791; x_wconf 73' lang='lat' dir='ltr'>hyalinae,</span> <span class='ocrx_word' id='word_1_190' title='bbox 1401 1750 1438 1779; x_wconf 86' lang='lat' dir='ltr'>in</span> 
     </span>
     <span class='ocr_line' id='line_1_25' title="bbox 188 1812 1435 1855; baseline 0.001 -13"><span class='ocrx_word' id='word_1_191' title='bbox 188 1815 260 1843; x_wconf 77' lang='lat' dir='ltr'>viva</span> <span class='ocrx_word' id='word_1_192' title='bbox 286 1815 574 1855; x_wconf 74' lang='lat' dir='ltr'>albido-liyalinae,</span> <span class='ocrx_word' id='word_1_193' title='bbox 602 1814 775 1843; x_wconf 86' lang='lat' dir='ltr'>interdum</span> <span class='ocrx_word' id='word_1_194' title='bbox 793 1812 843 1852; x_wconf 78' lang='lat' dir='ltr'>(iu</span> <span class='ocrx_word' id='word_1_195' title='bbox 863 1813 1022 1854; x_wconf 82' lang='lat' dir='ltr'>vetustis)</span> <span class='ocrx_word' id='word_1_196' title='bbox 1042 1814 1168 1844; x_wconf 82' lang='lat' dir='ltr'>leniter</span> <span class='ocrx_word' id='word_1_197' title='bbox 1187 1815 1333 1844; x_wconf 83' lang='lat' dir='ltr'>suscanae</span> <span class='ocrx_word' id='word_1_198' title='bbox 1353 1824 1435 1854; x_wconf 79' lang='lat' dir='ltr'>prae-</span> 
     </span>
     <span class='ocr_line' id='line_1_26' title="bbox 189 1873 1436 1918; baseline 0.002 -13"><span class='ocrx_word' id='word_1_199' title='bbox 189 1878 291 1916; x_wconf 82' lang='lat' dir='ltr'>cipue</span> <span class='ocrx_word' id='word_1_200' title='bbox 319 1880 360 1908; x_wconf 85' lang='lat' dir='ltr'>ad</span> <span class='ocrx_word' id='word_1_201' title='bbox 386 1884 527 1909; x_wconf 81' lang='lat' dir='ltr'>costam.</span> <span class='ocrx_word' id='word_1_202' title='bbox 554 1879 657 1908; x_wconf 75' lang='lat' dir='ltr'>Nervi</span> <span class='ocrx_word' id='word_1_203' title='bbox 685 1883 721 1906; x_wconf 85' lang='lat' dir='ltr'>ut</span> <span class='ocrx_word' id='word_1_204' title='bbox 746 1878 781 1906; x_wconf 87' lang='lat' dir='ltr'>in</span> <span class='ocrx_word' id='word_1_205' title='bbox 807 1873 850 1907; x_wconf 93' lang='grc' dir='ltr'>Ο.</span> <span class='ocrx_word' id='word_1_206' title='bbox 878 1886 1008 1908; x_wconf 74' lang='lat' dir='ltr'>maura</span> <span class='ocrx_word' id='word_1_207' title='bbox 1035 1876 1107 1918; x_wconf 76' lang='lat'>(36)</span> <span class='ocrx_word' id='word_1_208' title='bbox 1133 1879 1268 1909; x_wconf 85' lang='lat' dir='ltr'>directi.</span> <span class='ocrx_word' id='word_1_209' title='bbox 1316 1878 1436 1909; x_wconf 83' lang='lat' dir='ltr'>Halte-</span> 
     </span>
     <span class='ocr_line' id='line_1_27' title="bbox 187 1941 1434 1980; baseline 0.002 -10"><span class='ocrx_word' id='word_1_210' title='bbox 187 1951 240 1970; x_wconf 87' lang='lat' dir='ltr'>res</span> <span class='ocrx_word' id='word_1_211' title='bbox 267 1942 385 1973; x_wconf 86' lang='lat' dir='ltr'>albidi.</span> <span class='ocrx_word' id='word_1_212' title='bbox 434 1944 541 1973; x_wconf 83' lang='lat' dir='ltr'>Pedes</span> <span class='ocrx_word' id='word_1_213' title='bbox 568 1941 740 1980; x_wconf 82' lang='lat' dir='ltr'>simplices</span> <span class='ocrx_word' id='word_1_214' title='bbox 767 1941 866 1979; x_wconf 77' lang='lat' dir='ltr'>nigri,</span> <span class='ocrx_word' id='word_1_215' title='bbox 893 1943 990 1970; x_wconf 79' lang='lat' dir='ltr'>tarsis</span> <span class='ocrx_word' id='word_1_216' title='bbox 1016 1942 1070 1971; x_wconf 74' lang='lat' dir='ltr'>vel</span> <span class='ocrx_word' id='word_1_217' title='bbox 1096 1944 1256 1973; x_wconf 89' lang='lat' dir='ltr'>omnibus</span> <span class='ocrx_word' id='word_1_218' title='bbox 1289 1943 1343 1972; x_wconf 79' lang='lat' dir='ltr'>vel</span> <span class='ocrx_word' id='word_1_219' title='bbox 1368 1942 1434 1972; x_wconf 86' lang='lat' dir='ltr'>sal-</span> 
     </span>
     <span class='ocr_line' id='line_1_28' title="bbox 189 2004 1433 2046; baseline 0.003 -14"><span class='ocrx_word' id='word_1_220' title='bbox 189 2010 254 2034; x_wconf 79' lang='lat' dir='ltr'>tem</span> <span class='ocrx_word' id='word_1_221' title='bbox 280 2008 530 2045; x_wconf 77' lang='lat' dir='ltr'>posterioribus</span> <span class='ocrx_word' id='word_1_222' title='bbox 556 2006 661 2041; x_wconf 74' lang='lat' dir='ltr'>ilaris,</span> <span class='ocrx_word' id='word_1_223' title='bbox 687 2004 836 2033; x_wconf 84' lang='lat' dir='ltr'>articulo</span> <span class='ocrx_word' id='word_1_224' title='bbox 863 2005 984 2034; x_wconf 82' lang='lat' dir='ltr'>saltem</span> <span class='ocrx_word' id='word_1_225' title='bbox 1010 2006 1132 2035; x_wconf 87' lang='lat' dir='ltr'>ultimo</span> <span class='ocrx_word' id='word_1_226' title='bbox 1151 2007 1357 2046; x_wconf 85' lang='lat' dir='ltr'>plerumque</span> <span class='ocrx_word' id='word_1_227' title='bbox 1374 2007 1433 2036; x_wconf 89' lang='lat' dir='ltr'>ob-</span> 
     </span>
     <span class='ocr_line' id='line_1_29' title="bbox 192 2067 1434 2110; baseline 0.004 -14"><span class='ocrx_word' id='word_1_228' title='bbox 192 2078 313 2108; x_wconf 75' lang='lat' dir='ltr'>scuro3</span> <span class='ocrx_word' id='word_1_229' title='bbox 338 2081 416 2100; x_wconf 81' lang='lat' dir='ltr'>raro</span> <span class='ocrx_word' id='word_1_230' title='bbox 443 2071 635 2100; x_wconf 79' lang='lat' dir='ltr'>metatarsis</span> <span class='ocrx_word' id='word_1_231' title='bbox 662 2074 793 2098; x_wconf 86' lang='lat' dir='ltr'>tantum</span> <span class='ocrx_word' id='word_1_232' title='bbox 818 2069 923 2105; x_wconf 75' lang='lat' dir='ltr'>ssavis,</span> <span class='ocrx_word' id='word_1_233' title='bbox 951 2075 989 2099; x_wconf 86' lang='lat' dir='ltr'>ut</span> <span class='ocrx_word' id='word_1_234' title='bbox 1013 2071 1048 2100; x_wconf 91' lang='lat' dir='ltr'>iu</span> <span class='ocrx_word' id='word_1_235' title='bbox 1073 2081 1144 2101; x_wconf 79' lang='lat' dir='ltr'>var.</span> <span class='ocrx_word' id='word_1_236' title='bbox 1171 2081 1212 2108; x_wconf 87' lang='lat' dir='ltr'>c.‚</span> <span class='ocrx_word' id='word_1_237' title='bbox 1239 2081 1311 2110; x_wconf 76' lang='lat' dir='ltr'>quae</span> <span class='ocrx_word' id='word_1_238' title='bbox 1339 2067 1374 2108; x_wconf 59' lang='grc' dir='ltr'><em>δῖ</em></span> <span class='ocrx_word' id='word_1_239' title='bbox 1398 2072 1434 2101; x_wconf 85' lang='lat' dir='ltr'>in</span> 
     </span>
    </p>
   </div>
   <div class='ocr_carea' id='block_1_4' title="bbox 188 2133 999 2174">
    <p class='ocr_par' dir='ltr' id='par_1_4' title="bbox 188 2133 999 2174">
     <span class='ocr_line' id='line_1_30' title="bbox 188 2133 999 2174; baseline 0.002 -13"><span class='ocrx_word' id='word_1_240' title='bbox 188 2133 312 2163; x_wconf 80' lang='lat' dir='ltr'>Scania</span> <span class='ocrx_word' id='word_1_241' title='bbox 339 2133 374 2171; x_wconf 61' lang='grc' dir='ltr'>ὸς</span> <span class='ocrx_word' id='word_1_242' title='bbox 400 2136 575 2174; x_wconf 83' lang='lat' dir='ltr'>Lapponia</span> <span class='ocrx_word' id='word_1_243' title='bbox 599 2136 686 2172; x_wconf 74' lang='lat' dir='ltr'>Aug.</span> <span class='ocrx_word' id='word_1_244' title='bbox 713 2134 809 2172; x_wconf 83' lang='lat' dir='ltr'>Sept.</span> <span class='ocrx_word' id='word_1_245' title='bbox 836 2134 999 2163; x_wconf 84' lang='lat' dir='ltr'>occurrit.</span> 
     </span>
    </p>
   </div>
   <div class='ocr_carea' id='block_1_5' title="bbox 99 2310 1436 2512">
    <p class='ocr_par' dir='ltr' id='par_1_5' title="bbox 99 2310 1436 2512">
     <span class='ocr_line' id='line_1_31' title="bbox 211 2310 1436 2364; baseline 0.005 -18"><span class='ocrx_word' id='word_1_246' title='bbox 211 2311 277 2347; x_wconf 79' lang='lat'>40.</span> <span class='ocrx_word' id='word_1_247' title='bbox 312 2310 360 2351; x_wconf 84' lang='lat'>0.</span> <span class='ocrx_word' id='word_1_248' title='bbox 376 2310 537 2361; x_wconf 74' lang='lat' dir='ltr'>pusilla</span> <span class='ocrx_word' id='word_1_249' title='bbox 549 2324 564 2349; x_wconf 93' lang='lat'>.·</span> <span class='ocrx_word' id='word_1_250' title='bbox 594 2314 942 2362; x_wconf 83' lang='lat' dir='ltr'>aenescenti-nigra</span> <span class='ocrx_word' id='word_1_251' title='bbox 974 2313 1113 2360; x_wconf 86' lang='lat' dir='ltr'>nitida,</span> <span class='ocrx_word' id='word_1_252' title='bbox 1131 2315 1277 2364; x_wconf 85' lang='lat' dir='ltr'>capite,</span> <span class='ocrx_word' id='word_1_253' title='bbox 1297 2319 1436 2352; x_wconf 86' lang='lat' dir='ltr'>anteu-</span> 
     </span>
     <span class='ocr_line' id='line_1_32' title="bbox 99 2382 1436 2440; baseline 0.005 -20"><span class='ocrx_word' id='word_1_254' title='bbox 99 2385 158 2421; x_wconf 92' lang='lat' dir='ltr'>nis</span> <span class='ocrx_word' id='word_1_255' title='bbox 185 2382 222 2420; x_wconf 61' lang='grc' dir='ltr'>(Ε</span> <span class='ocrx_word' id='word_1_256' title='bbox 239 2390 322 2421; x_wconf 80' lang='lat' dir='ltr'>seta</span> <span class='ocrx_word' id='word_1_257' title='bbox 351 2388 465 2430; x_wconf 80' lang='lat' dir='ltr'>atris3</span> <span class='ocrx_word' id='word_1_258' title='bbox 500 2386 605 2424; x_wconf 81' lang='lat' dir='ltr'>tibiis</span> <span class='ocrx_word' id='word_1_259' title='bbox 630 2387 900 2424; x_wconf 77' lang='lat' dir='ltr'>anterioribus</span> <span class='ocrx_word' id='word_1_260' title='bbox 925 2390 1118 2439; x_wconf 75' lang='lat' dir='ltr'>tarsis-que</span> <span class='ocrx_word' id='word_1_261' title='bbox 1141 2388 1328 2427; x_wconf 87' lang='lat' dir='ltr'>omnibus</span> <span class='ocrx_word' id='word_1_262' title='bbox 1351 2389 1436 2440; x_wconf 82' lang='lat' dir='ltr'>pal-</span> 
     </span>
     <span class='ocr_line' id='line_1_33' title="bbox 100 2456 1434 2512; baseline 0.006 -17"><span class='ocrx_word' id='word_1_263' title='bbox 100 2458 211 2503; x_wconf 84' lang='lat' dir='ltr'>lidis;</span> <span class='ocrx_word' id='word_1_264' title='bbox 239 2460 312 2497; x_wconf 84' lang='lat' dir='ltr'>alis</span> <span class='ocrx_word' id='word_1_265' title='bbox 343 2460 527 2511; x_wconf 73' lang='lat' dir='ltr'>hynbnis,</span> <span class='ocrx_word' id='word_1_266' title='bbox 553 2456 758 2511; x_wconf 75' lang='lat' dir='ltr'>segmento</span> <span class='ocrx_word' id='word_1_267' title='bbox 782 2463 893 2499; x_wconf 84' lang='lat' dir='ltr'>nervi</span> <span class='ocrx_word' id='word_1_268' title='bbox 921 2463 988 2499; x_wconf 65' lang='lat' dir='ltr'>4:ss</span> <span class='ocrx_word' id='word_1_269' title='bbox 1017 2462 1320 2512; x_wconf 81' lang='lat' dir='ltr'>longitudinalis</span> <span class='ocrx_word' id='word_1_270' title='bbox 1342 2465 1434 2503; x_wconf 66' lang='lat'>2:110</span> 
     </span>
    </p>
   </div>
  </div>
 </body>
</html>
