1452 2912
472 189 562 230 135.
594 188 876 242 Anthomyza.
1227 190 1339 233 3327

85 305 155 331 rea,
190 297 343 334 margine
377 298 499 336 apicali
532 299 756 339 pallescente.
792 302 885 330 Anus
921 311 1054 339 parvus,
1089 303 1233 339 griseus.
1268 305 1337 334 Ala·

75 359 225 388 *ninnino
249 365 284 388 ut
311 361 344 389 in
370 359 411 391 Α.
448 361 649 402 pallicurni
682 366 783 394 etiam
813 365 925 402 quoad
962 365 1189 396 directionem
1216 378 1335 397 nervo-

82 433 169 458 rum,
203 423 263 452 scd
302 428 377 453 Ιυίειἱ
411 425 727 467 cinereo-byalinae.
763 428 922 458 Halteres
957 429 1074 458 albidi.
1120 430 1227 461 Pedes
1260 442 1337 462 cum

91 487 187 515 coxis
214 486 302 523 ssavi,
332 489 428 517 tarsis
457 491 552 528 apice
580 491 695 521 fuscis.
723 492 817 521 Tarsi
843 493 1029 531 prasertim
1056 495 1175 530 postici
1213 495 1337 525 leniter

84 550 366 580 fusco-annulati.
394 552 539 582 Femora
566 543 689 584 valida.

113 629 203 670 141.
237 631 369 671 Atella.
403 634 597 673 lilorale‘s
628 636 725 674 Zeu.
756 633 799 686 ῼ.
827 635 864 676 5.
897 648 933 686 p.
964 634 1080 676 1758.

112 704 201 745 142.
236 703 366 745 Anclz.
395 709 646 757 pe’ngvc'cnla
675 710 773 748 Zett.
803 708 850 759 ςζ.
879 709 916 749 5.
947 722 984 762 p.
1016 707 1121 750 1759
1151 715 1194 748 et*
1225 709 1342 750 1792.

53 795 136 828 obs.
163 799 250 828 Heic
280 799 496 835 excludatur,
524 810 598 831 nam
628 803 749 832 eadem
778 808 827 832 est
854 813 891 833 ac
920 801 1116 834 Cinoclaira
1142 807 1228 833 alra
1244 803 1341 832 Τοιη.

87 860 120 890 4.
146 873 178 901 p.
204 862 292 891 1359
319 873 376 891 n:o
403 863 433 893 ].

118 941 209 984 143.
242 942 374 984 Atelli.
407 942 551 993 rufina
583 944 682 984 Fan.
712 944 796 997 ςζᾩ.
824 945 863 986 5.
897 959 933 997 p.
971 944 1090 985 1760.

117 1017 206 1058 144.
239 1016 369 1058 Anth.
401 1016 570 1057 hamata
602 1018 757 1070 Macqv.
787 1017 866 1072 ὅᾩ.
896 1020 933 1060 5.
967 1032 1003 1070 p.
1041 1018 1157 1059 1760.

52 1106 134 1141 Obs.
161 1111 193 1140 1.
227 1111 269 1140 D.
309 1109 449 1152 Staeger
488 1112 570 1141 mibi
605 1122 714 1151 nuper
750 1113 1014 1142 communicavit
1043 1114 1143 1141 etiam
1170 1111 1347 1151 specimen

94 1175 297 1211 masculum,
325 1177 358 1204 in
383 1176 493 1205 Dania
522 1176 562 1204 13
596 1177 674 1206 Jun.
710 1176 796 1207 1847
827 1181 976 1215 captum,
1012 1176 1105 1214 quod
1130 1175 1261 1204 semina>
1289 1174 1345 1203 de-

93 1240 222 1278 scripta—'s
248 1239 360 1269 simile
389 1245 450 1276 est,
478 1241 537 1269 sed
565 1240 698 1270 differt:
727 1243 837 1280 capite
865 1244 1044 1278 argenteo,
1072 1239 1184 1267 oculis
1200 1247 1348 1276 superne

91 1304 449 1342 appropinqvantibus,
477 1314 537 1342 per
562 1305 691 1333 orbitas
724 1311 883 1343 angustas
910 1305 1004 1334 albas
1033 1308 1064 1332 et
1106 1302 1233 1331 lineam
1260 1300 1349 1329 fron-

92 1368 194 1396 talem
223 1372 360 1396 tenuem
395 1372 537 1405 anguste
585 1370 741 1404 remotis,
780 1369 971 1398 abdominis
1015 1366 1155 1396 testacei
1187 1370 1219 1394 et
1245 1364 1349 1393 limbo

95 1431 240 1461 setulosi
266 1431 360 1460 linea
386 1431 514 1460 dorsali
551 1431 655 1467 fusca,
683 1432 829 1470 pedibus
856 1433 975 1461 anticis
995 1431 1074 1460 totis
1094 1429 1351 1467 nigricanssbns,

91 1496 186 1524 coxis
218 1495 431 1524 intermediis
467 1495 536 1523 basi
572 1495 696 1524 aculeo
732 1495 948 1533 longitudine
985 1495 1125 1523 circiter
1158 1501 1262 1527 coxae,
1290 1490 1352 1519 fiti-

100 1560 200 1588 formi
229 1564 316 1594 atro,
344 1560 439 1597 apice
466 1560 621 1593 incurvo,
650 1559 837 1588 semoribus
865 1557 1081 1587 intermediis
1109 1557 1228 1584 subtus
1256 1565 1272 1582 a
1297 1555 1352 1582 ba—

95 1624 122 1652 si
149 1623 190 1652 ad
216 1622 369 1652 medium
395 1633 508 1661 parce,
547 1634 564 1651 a
591 1621 705 1650 medio
732 1622 774 1650 ad
801 1622 931 1660 apicem
968 1621 1072 1650 dense
1099 1608 1352 1656 nigro-cuiatis,

99 1688 191 1716 tibiis
218 1686 433 1715 intermediis
462 1695 578 1714 versus
606 1686 736 1723 apicem
765 1695 867 1724 parce
894 1685 1051 1723 spinosis,
1079 1692 1168 1721 poue
1195 1681 1349 1710 medium

96 1751 213 1790 paullo
249 1750 446 1778 incrassatis
484 1753 514 1777 et
551 1750 640 1777 intus
669 1748 817 1778 breviter
843 1748 1096 1786 mgr-o-ciliatis,
1126 1745 1214 1774 tibiis
1249 1744 1353 1782 posti·

98 1816 145 1844 cis
171 1815 262 1843 intus
297 1812 415 1851 pilosis
452 1816 484 1840 et
511 1817 609 1841 extus
646 1823 663 1841 a
689 1814 803 1842 medio
831 1814 875 1842 ad
910 1813 1038 1850 apicem
1067 1818 1169 1848 parce
1195 1808 1354 1847 spinosiS.

96 1877 290 1908 Scutellum
316 1877 350 1904 in
376 1876 564 1914 specimine.
599 1877 670 1905 viso
705 1881 813 1906 totum
834 1878 1010 1906 cinereum
1047 1877 1176 1902 tantum
1202 1871 1356 1908 margine

99 1950 232 1970 summo
261 1939 382 1977 apicali
411 1940 634 1982 grisescente,
662 1949 736 1975 nec,
764 1945 800 1969 ut
822 1941 868 1969 ait
902 1935 1098 1978 Macqvart
1138 1937 1160 1964 l.
1187 1944 1230 1970 c.‚
1258 1933 1355 1972 apice

98 2004 215 2043 paullo
243 2003 416 2032 [lavicans.
445 2020 478 2025 ——
511 2003 648 2032 Thorax
674 2004 706 2032 iu
736 2009 881 2042 utroqne
907 2012 990 2032 sexu
1015 2000 1279 2038 nigro-lineatus
1295 2001 1356 2026 est.

60 2066 143 2100 Obs.
170 2068 199 2097 2.
228 2067 265 2096 In
291 2066 481 2104 Mac-qvarti
511 2067 620 2105 figura
645 2066 742 2105 (Tab.
770 2066 825 2096 1⁷.
853 2068 878 2097 f.
904 2067 950 2106 6),
978 2075 1049 2103 quae
1082 2072 1215 2092 marem
1241 2070 1357 2098 reprae-

97 2136 221 2165 sentat,
249 2134 400 2159 antenna=
427 2131 607 2168 perspicue
640 2131 882 2170 pubescentes,
909 2130 1013 2169 pedes
1050 2127 1189 2156 omnino
1218 2124 1301 2154 nudi
1328 2127 1360 2151 et

102 2197 264 2229 inermes,
293 2194 432 2222 aculeus
469 2194 508 2223 ad
544 2194 640 2223 basin
668 2204 836 2224 coxarum
868 2192 1156 2224 intermediarum
1183 2188 1360 2221 deficiens,

102 2267 246 2297 squamae
280 2258 341 2286 sub
376 2258 436 2285 alis
464 2262 615 2286 retractae
653 2263 685 2286 et
719 2259 816 2287 coxis
841 2257 981 2297 posticis
1018 2254 1258 2284 inbumbentes
1284 2252 1363 2287 (nec

107 2321 307 2351 immediate
334 2321 395 2349 sub
422 2321 536 2349 radice
564 2322 695 2350 alarum
744 2321 888 2361 locatae),
914 2319 1088 2350 immerito
1117 2321 1150 2345 et
1178 2315 1266 2345 male
1288 2317 1363 2343 sunt

105 2385 252 2423 depicta.

145 2461 230 2504 1545.
264 2461 396 2502 Auth.
429 2467 564 2515 impar
595 2465 693 2503 Zett.
724 2461 804 2516 ςζῼ.
834 2463 871 2504 5.
903 2476 938 2516 p.
976 2459 1092 2502 1762,

1165 2525 1248 2568 420
