<?xml version="1.0" encoding="UTF-8"?>
<!DOCTYPE html PUBLIC "-//W3C//DTD XHTML 1.0 Transitional//EN"
    "http://www.w3.org/TR/xhtml1/DTD/xhtml1-transitional.dtd">
<html xmlns="http://www.w3.org/1999/xhtml" xml:lang="en" lang="en">
 <head>
  <title>
</title>
<meta http-equiv="Content-Type" content="text/html;charset=utf-8" />
  <meta name='ocr-system' content='tesseract 3.04.00' />
  <meta name='ocr-capabilities' content='ocr_page ocr_carea ocr_par ocr_line ocrx_word'/>
</head>
<body>
  <div class='ocr_page' id='page_1' title='image "./dipterascandinav78zett_0411.png"; bbox 0 0 1452 2912; ppageno 0'>
   <div class='ocr_carea' id='block_1_1' title="bbox 556 119 1378 162">
    <p class='ocr_par' dir='ltr' id='par_1_1' title="bbox 556 119 1378 162">
     <span class='ocr_line' id='line_1_1' title="bbox 556 119 1378 162; baseline 0 0"><span class='ocrx_word' id='word_1_1' title='bbox 556 119 620 162; x_wconf 89' lang='grc'><strong>16.</strong></span> <span class='ocrx_word' id='word_1_2' title='bbox 651 119 868 161; x_wconf 69' lang='lat' dir='ltr'><strong>Diae-tria.</strong></span> <span class='ocrx_word' id='word_1_3' title='bbox 1269 120 1378 162; x_wconf 80' lang='lat'>2975</span> 
     </span>
    </p>
   </div>
   <div class='ocr_carea' id='block_1_2' title="bbox 142 228 1379 285">
    <p class='ocr_par' dir='ltr' id='par_1_2' title="bbox 142 228 1379 285">
     <span class='ocr_line' id='line_1_2' title="bbox 142 228 1379 285; baseline 0.002 -10"><span class='ocrx_word' id='word_1_4' title='bbox 142 228 265 275; x_wconf 77' lang='lat'><strong>3—4.</strong></span> <span class='ocrx_word' id='word_1_5' title='bbox 299 231 352 271; x_wconf 85' lang='lat' dir='ltr'><strong>l).</strong></span> <span class='ocrx_word' id='word_1_6' title='bbox 386 232 638 285; x_wconf 72' lang='lat' dir='ltr'><strong>cingulum:</strong></span> <span class='ocrx_word' id='word_1_7' title='bbox 671 234 806 283; x_wconf 82' lang='lat' dir='ltr'><strong>nigra,</strong></span> <span class='ocrx_word' id='word_1_8' title='bbox 837 232 912 272; x_wconf 82' lang='lat' dir='ltr'><strong>alis</strong></span> <span class='ocrx_word' id='word_1_9' title='bbox 930 232 1130 284; x_wconf 79' lang='lat' dir='ltr'><strong>hyalinis,</strong></span> <span class='ocrx_word' id='word_1_10' title='bbox 1161 236 1379 284; x_wconf 85' lang='lat' dir='ltr'><strong>epistoma-</strong></span> 
     </span>
    </p>
   </div>
   <div class='ocr_carea' id='block_1_3' title="bbox 23 305 1382 584">
    <p class='ocr_par' dir='ltr' id='par_1_3' title="bbox 23 305 1382 584">
     <span class='ocr_line' id='line_1_3' title="bbox 31 305 1381 360; baseline 0.003 -11"><span class='ocrx_word' id='word_1_11' title='bbox 31 312 79 349; x_wconf 88' lang='lat' dir='ltr'><strong>tis</strong></span> <span class='ocrx_word' id='word_1_12' title='bbox 104 308 286 360; x_wconf 85' lang='lat' dir='ltr'><strong>argentei</strong></span> <span class='ocrx_word' id='word_1_13' title='bbox 328 305 450 347; x_wconf 88' lang='lat' dir='ltr'><strong>barba</strong></span> <span class='ocrx_word' id='word_1_14' title='bbox 483 308 664 359; x_wconf 80' lang='lat' dir='ltr'>pauciori</span> <span class='ocrx_word' id='word_1_15' title='bbox 711 306 825 354; x_wconf 87' lang='lat' dir='ltr'><strong>alba,</strong></span> <span class='ocrx_word' id='word_1_16' title='bbox 870 310 994 346; x_wconf 83' lang='lat' dir='ltr'><strong>menti</strong></span> <span class='ocrx_word' id='word_1_17' title='bbox 1025 311 1165 355; x_wconf 88' lang='lat' dir='ltr'><strong>nivea;</strong></span> <span class='ocrx_word' id='word_1_18' title='bbox 1206 311 1381 353; x_wconf 81' lang='lat' dir='ltr'><strong>thoracis</strong></span> 
     </span>
     <span class='ocr_line' id='line_1_4' title="bbox 23 380 1374 433; baseline 0.003 -10"><span class='ocrx_word' id='word_1_19' title='bbox 23 384 158 423; x_wconf 87' lang='lat' dir='ltr'><strong>medio</strong></span> <span class='ocrx_word' id='word_1_20' title='bbox 188 382 372 421; x_wconf 80' lang='lat' dir='ltr'><strong>lineatim</strong></span> <span class='ocrx_word' id='word_1_21' title='bbox 402 381 826 433; x_wconf 83' lang='lat' dir='ltr'><strong>griseo-pubescente,</strong></span> <span class='ocrx_word' id='word_1_22' title='bbox 858 380 1014 429; x_wconf 81' lang='lat' dir='ltr'><strong>pleuris</strong></span> <span class='ocrx_word' id='word_1_23' title='bbox 1046 384 1214 423; x_wconf 84' lang='lat' dir='ltr'><strong>maculis</strong></span> <span class='ocrx_word' id='word_1_24' title='bbox 1254 399 1374 426; x_wconf 86' lang='lat' dir='ltr'><strong>cano-</strong></span> 
     </span>
     <span class='ocr_line' id='line_1_5' title="bbox 27 455 1379 510; baseline 0.002 -13"><span class='ocrx_word' id='word_1_25' title='bbox 27 457 287 502; x_wconf 83' lang='lat' dir='ltr'><strong>micantibus3</strong></span> <span class='ocrx_word' id='word_1_26' title='bbox 317 455 543 495; x_wconf 80' lang='lat' dir='ltr'><strong>abdominis</strong></span> <span class='ocrx_word' id='word_1_27' title='bbox 574 456 706 495; x_wconf 84' lang='lat' dir='ltr'><strong>medio</strong></span> <span class='ocrx_word' id='word_1_28' title='bbox 737 455 911 507; x_wconf 84' lang='lat' dir='ltr'><strong>cingulis</strong></span> <span class='ocrx_word' id='word_1_29' title='bbox 935 456 1096 496; x_wconf 86' lang='lat' dir='ltr'><strong>duobus</strong></span> <span class='ocrx_word' id='word_1_30' title='bbox 1114 458 1379 510; x_wconf 83' lang='lat' dir='ltr'><strong>ferrugineis3</strong></span> 
     </span>
     <span class='ocr_line' id='line_1_6' title="bbox 25 519 1382 584; baseline 0.002 -12"><span class='ocrx_word' id='word_1_31' title='bbox 25 531 195 584; x_wconf 88' lang='lat' dir='ltr'><strong>pedibus</strong></span> <span class='ocrx_word' id='word_1_32' title='bbox 226 519 498 570; x_wconf 66' lang='lat' dir='ltr'><strong>anterioribus</strong></span> <span class='ocrx_word' id='word_1_33' title='bbox 542 532 637 569; x_wconf 88' lang='lat' dir='ltr'><strong>totis</strong></span> <span class='ocrx_word' id='word_1_34' title='bbox 668 530 804 576; x_wconf 84' lang='lat' dir='ltr'><strong>ssavis,</strong></span> <span class='ocrx_word' id='word_1_35' title='bbox 836 532 1000 581; x_wconf 86' lang='lat' dir='ltr'><strong>posticis</strong></span> <span class='ocrx_word' id='word_1_36' title='bbox 1046 532 1291 581; x_wconf 85' lang='lat' dir='ltr'><strong>ssavo-rufis,</strong></span> <span class='ocrx_word' id='word_1_37' title='bbox 1324 537 1382 575; x_wconf 84' lang='lat' dir='ltr'><strong>fe-</strong></span> 
     </span>
    </p>
   </div>
   <div class='ocr_carea' id='block_1_4' title="bbox 25 605 1378 734">
    <p class='ocr_par' dir='ltr' id='par_1_4' title="bbox 25 605 1378 734">
     <span class='ocr_line' id='line_1_7' title="bbox 27 605 1378 658; baseline 0.002 -12"><span class='ocrx_word' id='word_1_38' title='bbox 27 606 207 646; x_wconf 85' lang='lat' dir='ltr'><strong>moribus</strong></span> <span class='ocrx_word' id='word_1_39' title='bbox 236 607 275 645; x_wconf 89' lang='lat' dir='ltr'><strong>in</strong></span> <span class='ocrx_word' id='word_1_40' title='bbox 320 605 451 645; x_wconf 88' lang='lat' dir='ltr'><strong>medio</strong></span> <span class='ocrx_word' id='word_1_41' title='bbox 482 605 633 644; x_wconf 85' lang='lat' dir='ltr'><strong>annulo</strong></span> <span class='ocrx_word' id='word_1_42' title='bbox 665 605 881 653; x_wconf 81' lang='lat' dir='ltr'><strong>latissime,</strong></span> <span class='ocrx_word' id='word_1_43' title='bbox 916 605 1108 658; x_wconf 84' lang='lat' dir='ltr'><strong>tibiisque</strong></span> <span class='ocrx_word' id='word_1_44' title='bbox 1141 607 1228 647; x_wconf 85' lang='lat' dir='ltr'><strong>fere</strong></span> <span class='ocrx_word' id='word_1_45' title='bbox 1263 613 1378 658; x_wconf 88' lang='lat' dir='ltr'><strong>totis,</strong></span> 
     </span>
     <span class='ocr_line' id='line_1_8' title="bbox 25 677 1155 734; baseline 0 -14"><span class='ocrx_word' id='word_1_46' title='bbox 25 683 168 734; x_wconf 83' lang='lat' dir='ltr'><strong>nigris,</strong></span> <span class='ocrx_word' id='word_1_47' title='bbox 203 681 318 718; x_wconf 85' lang='lat' dir='ltr'><strong>tarsis</strong></span> <span class='ocrx_word' id='word_1_48' title='bbox 349 679 568 719; x_wconf 72' lang='lat' dir='ltr'><strong>infuscans.</strong></span> <span class='ocrx_word' id='word_1_49' title='bbox 598 677 682 732; x_wconf 58' lang='grc' dir='ltr'><strong>(ζῼ.</strong></span> <span class='ocrx_word' id='word_1_50' title='bbox 713 679 855 731; x_wconf 85' lang='lat' dir='ltr'><strong>(Long.</strong></span> <span class='ocrx_word' id='word_1_51' title='bbox 884 679 1032 734; x_wconf 63' lang='grc' dir='ltr'><strong>3-Βέ</strong></span> <span class='ocrx_word' id='word_1_52' title='bbox 1066 681 1155 728; x_wconf 87' lang='lat' dir='ltr'><strong>lin.)</strong></span> 
     </span>
    </p>
   </div>
   <div class='ocr_carea' id='block_1_5' title="bbox 147 748 1380 878">
    <p class='ocr_par' dir='ltr' id='par_1_5' title="bbox 147 748 1380 878">
     <span class='ocr_line' id='line_1_9' title="bbox 147 748 792 806; baseline -0.002 -13"><span class='ocrx_word' id='word_1_53' title='bbox 147 754 266 806; x_wconf 74' lang='lat' dir='ltr'><strong>Staeg.</strong></span> <span class='ocrx_word' id='word_1_54' title='bbox 296 756 336 793; x_wconf 91' lang='lat' dir='ltr'><strong>in</strong></span> <span class='ocrx_word' id='word_1_55' title='bbox 368 753 447 793; x_wconf 89' lang='lat' dir='ltr'><strong>litt.</strong></span> <span class='ocrx_word' id='word_1_56' title='bbox 482 753 530 793; x_wconf 91' lang='lat'><strong>17</strong></span> <span class='ocrx_word' id='word_1_57' title='bbox 560 753 639 792; x_wconf 85' lang='lat' dir='ltr'><strong>Jul.</strong></span> <span class='ocrx_word' id='word_1_58' title='bbox 674 748 792 794; x_wconf 75' lang='lat'><strong>1848.</strong></span> 
     </span>
     <span class='ocr_line' id='line_1_10' title="bbox 149 827 1380 878; baseline 0.004 -11"><span class='ocrx_word' id='word_1_59' title='bbox 149 827 248 868; x_wconf 87' lang='lat' dir='ltr'><strong>Hab.</strong></span> <span class='ocrx_word' id='word_1_60' title='bbox 280 830 319 867; x_wconf 91' lang='lat' dir='ltr'><strong>in</strong></span> <span class='ocrx_word' id='word_1_61' title='bbox 359 828 623 868; x_wconf 88' lang='lat' dir='ltr'><strong>Scandinavia</strong></span> <span class='ocrx_word' id='word_1_62' title='bbox 667 827 925 866; x_wconf 78' lang='lat' dir='ltr'><strong>meridionali</strong></span> <span class='ocrx_word' id='word_1_63' title='bbox 958 830 1186 878; x_wconf 82' lang='lat' dir='ltr'><strong>rarissime,</strong></span> <span class='ocrx_word' id='word_1_64' title='bbox 1229 844 1380 872; x_wconf 87' lang='lat' dir='ltr'><strong>marem</strong></span> 
     </span>
    </p>
   </div>
   <div class='ocr_carea' id='block_1_6' title="bbox 29 900 1380 955">
    <p class='ocr_par' dir='ltr' id='par_1_6' title="bbox 29 900 1380 955">
     <span class='ocr_line' id='line_1_11' title="bbox 29 900 1380 955; baseline 0.004 -14"><span class='ocrx_word' id='word_1_65' title='bbox 29 902 188 943; x_wconf 86' lang='lat' dir='ltr'><strong>scilicet</strong></span> <span class='ocrx_word' id='word_1_66' title='bbox 228 904 267 941; x_wconf 88' lang='lat' dir='ltr'><strong>in</strong></span> <span class='ocrx_word' id='word_1_67' title='bbox 311 900 500 942; x_wconf 86' lang='lat' dir='ltr'><strong>Selandia</strong></span> <span class='ocrx_word' id='word_1_68' title='bbox 539 902 676 941; x_wconf 83' lang='lat' dir='ltr'><strong>Daniae</strong></span> <span class='ocrx_word' id='word_1_69' title='bbox 721 915 741 940; x_wconf 83' lang='lat' dir='ltr'><strong>a</strong></span> <span class='ocrx_word' id='word_1_70' title='bbox 772 901 817 940; x_wconf 93' lang='lat' dir='ltr'><strong>D.</strong></span> <span class='ocrx_word' id='word_1_71' title='bbox 847 900 1059 942; x_wconf 75' lang='lat' dir='ltr'><strong>Jacobsen</strong></span> <span class='ocrx_word' id='word_1_72' title='bbox 1090 910 1252 955; x_wconf 87' lang='lat' dir='ltr'><strong>captum</strong></span> <span class='ocrx_word' id='word_1_73' title='bbox 1286 907 1380 946; x_wconf 82' lang='lat' dir='ltr'><strong>mihi</strong></span> 
     </span>
    </p>
   </div>
   <div class='ocr_carea' id='block_1_7' title="bbox 29 976 1382 1032">
    <p class='ocr_par' dir='ltr' id='par_1_7' title="bbox 29 976 1382 1032">
     <span class='ocr_line' id='line_1_12' title="bbox 29 976 1382 1032; baseline 0.002 -16"><span class='ocrx_word' id='word_1_74' title='bbox 29 979 69 1016; x_wconf 88' lang='lat' dir='ltr'><strong>in</strong></span> <span class='ocrx_word' id='word_1_75' title='bbox 101 978 220 1016; x_wconf 89' lang='lat' dir='ltr'><strong>unico</strong></span> <span class='ocrx_word' id='word_1_76' title='bbox 259 976 449 1027; x_wconf 82' lang='lat' dir='ltr'><strong>exemplo</strong></span> <span class='ocrx_word' id='word_1_77' title='bbox 487 976 562 1014; x_wconf 90' lang='lat' dir='ltr'><strong>sub</strong></span> <span class='ocrx_word' id='word_1_78' title='bbox 593 978 754 1015; x_wconf 86' lang='lat' dir='ltr'><strong>nomine</strong></span> <span class='ocrx_word' id='word_1_79' title='bbox 801 976 926 1015; x_wconf 87' lang='lat' dir='ltr'><strong>allato</strong></span> <span class='ocrx_word' id='word_1_80' title='bbox 961 979 1067 1016; x_wconf 81' lang='lat' dir='ltr'><strong>misit</strong></span> <span class='ocrx_word' id='word_1_81' title='bbox 1099 977 1142 1016; x_wconf 92' lang='lat' dir='ltr'><strong>D.</strong></span> <span class='ocrx_word' id='word_1_82' title='bbox 1185 977 1382 1032; x_wconf 79' lang='lat' dir='ltr'><strong>Slaeger‚</strong></span> 
     </span>
    </p>
   </div>
   <div class='ocr_carea' id='block_1_8' title="bbox 30 1050 1385 1176">
    <p class='ocr_par' dir='ltr' id='par_1_8' title="bbox 30 1050 1385 1176">
     <span class='ocr_line' id='line_1_13' title="bbox 30 1050 1385 1106; baseline 0.004 -16"><span class='ocrx_word' id='word_1_83' title='bbox 30 1051 302 1101; x_wconf 86' lang='lat' dir='ltr'><strong>feminamque</strong></span> <span class='ocrx_word' id='word_1_84' title='bbox 344 1052 502 1089; x_wconf 89' lang='lat' dir='ltr'><strong>unicam</strong></span> <span class='ocrx_word' id='word_1_85' title='bbox 544 1052 584 1089; x_wconf 88' lang='lat' dir='ltr'><strong>in</strong></span> <span class='ocrx_word' id='word_1_86' title='bbox 628 1051 770 1090; x_wconf 87' lang='lat' dir='ltr'><strong>Scania</strong></span> <span class='ocrx_word' id='word_1_87' title='bbox 811 1050 964 1090; x_wconf 86' lang='lat' dir='ltr'><strong>Sveciae</strong></span> <span class='ocrx_word' id='word_1_88' title='bbox 1004 1051 1052 1090; x_wconf 85' lang='lat' dir='ltr'><strong>ad</strong></span> <span class='ocrx_word' id='word_1_89' title='bbox 1092 1051 1269 1103; x_wconf 70' lang='lat' dir='ltr'><strong>Esperod</strong></span> <span class='ocrx_word' id='word_1_90' title='bbox 1301 1058 1385 1106; x_wconf 86' lang='lat' dir='ltr'><strong>ipse</strong></span> 
     </span>
     <span class='ocr_line' id='line_1_14' title="bbox 30 1121 455 1176; baseline -0.005 -11"><span class='ocrx_word' id='word_1_91' title='bbox 30 1125 157 1165; x_wconf 85' lang='lat' dir='ltr'><strong>semel</strong></span> <span class='ocrx_word' id='word_1_92' title='bbox 175 1121 455 1176; x_wconf 61' lang='lat' dir='ltr'><strong>deprehendi.</strong></span> 
     </span>
    </p>
   </div>
   <div class='ocr_carea' id='block_1_9' title="bbox 81 1215 1400 2408">
    <p class='ocr_par' dir='ltr' id='par_1_9' title="bbox 81 1215 1400 2408">
     <span class='ocr_line' id='line_1_15' title="bbox 81 1215 1381 1262; baseline 0.004 -14"><span class='ocrx_word' id='word_1_93' title='bbox 81 1216 152 1257; x_wconf 74' lang='grc' dir='ltr'><strong>ὀᾩ.</strong></span> <span class='ocrx_word' id='word_1_94' title='bbox 181 1215 228 1248; x_wconf 89' lang='lat' dir='ltr'><strong>D.</strong></span> <span class='ocrx_word' id='word_1_95' title='bbox 247 1215 435 1260; x_wconf 75' lang='lat' dir='ltr'><strong>flavipedi</strong></span> <span class='ocrx_word' id='word_1_96' title='bbox 461 1216 616 1255; x_wconf 86' lang='lat' dir='ltr'><strong>proxima</strong></span> <span class='ocrx_word' id='word_1_97' title='bbox 651 1220 684 1245; x_wconf 87' lang='lat' dir='ltr'><strong>et</strong></span> <span class='ocrx_word' id='word_1_98' title='bbox 710 1216 809 1245; x_wconf 88' lang='lat' dir='ltr'><strong>valde</strong></span> <span class='ocrx_word' id='word_1_99' title='bbox 836 1216 978 1254; x_wconf 82' lang='lat' dir='ltr'><strong>similis,</strong></span> <span class='ocrx_word' id='word_1_100' title='bbox 1006 1220 1066 1249; x_wconf 89' lang='lat' dir='ltr'><strong>sed</strong></span> <span class='ocrx_word' id='word_1_101' title='bbox 1101 1221 1246 1259; x_wconf 86' lang='lat' dir='ltr'><strong>pedibus</strong></span> <span class='ocrx_word' id='word_1_102' title='bbox 1281 1224 1381 1262; x_wconf 90' lang='lat' dir='ltr'><strong>palli-</strong></span> 
     </span>
     <span class='ocr_line' id='line_1_16' title="bbox 125 1280 1388 1322; baseline 0.005 -11"><span class='ocrx_word' id='word_1_103' title='bbox 125 1282 280 1312; x_wconf 90' lang='lat' dir='ltr'><strong>dioribus</strong></span> <span class='ocrx_word' id='word_1_104' title='bbox 308 1287 342 1311; x_wconf 85' lang='lat' dir='ltr'><strong>et</strong></span> <span class='ocrx_word' id='word_1_105' title='bbox 366 1281 550 1311; x_wconf 81' lang='lat' dir='ltr'><strong>abdomine</strong></span> <span class='ocrx_word' id='word_1_106' title='bbox 583 1281 619 1310; x_wconf 92' lang='lat' dir='ltr'><strong>in</strong></span> <span class='ocrx_word' id='word_1_107' title='bbox 645 1280 761 1310; x_wconf 86' lang='lat' dir='ltr'><strong>medio</strong></span> <span class='ocrx_word' id='word_1_108' title='bbox 788 1281 923 1310; x_wconf 82' lang='lat' dir='ltr'><strong>annulis</strong></span> <span class='ocrx_word' id='word_1_109' title='bbox 950 1282 970 1310; x_wconf 83' lang='lat'><strong>2</strong></span> <span class='ocrx_word' id='word_1_110' title='bbox 997 1283 1081 1312; x_wconf 87' lang='lat' dir='ltr'><strong>rufis</strong></span> <span class='ocrx_word' id='word_1_111' title='bbox 1109 1285 1245 1322; x_wconf 82' lang='lat' dir='ltr'><strong>differt,</strong></span> <span class='ocrx_word' id='word_1_112' title='bbox 1273 1292 1307 1316; x_wconf 91' lang='lat' dir='ltr'><strong>et</strong></span> <span class='ocrx_word' id='word_1_113' title='bbox 1332 1288 1388 1317; x_wconf 84' lang='lat' dir='ltr'><strong>vix</strong></span> 
     </span>
     <span class='ocr_line' id='line_1_17' title="bbox 125 1340 1388 1387; baseline 0.005 -11"><span class='ocrx_word' id='word_1_114' title='bbox 125 1344 201 1386; x_wconf 78' lang='lat' dir='ltr'><strong>ejus</strong></span> <span class='ocrx_word' id='word_1_115' title='bbox 228 1346 374 1376; x_wconf 83' lang='lat' dir='ltr'><strong>varietas</strong></span> <span class='ocrx_word' id='word_1_116' title='bbox 396 1342 576 1384; x_wconf 85' lang='lat' dir='ltr'><strong>juvenilis.</strong></span> <span class='ocrx_word' id='word_1_117' title='bbox 629 1340 664 1374; x_wconf 91' lang='lat' dir='ltr'><em>D</em></span> <span class='ocrx_word' id='word_1_118' title='bbox 706 1344 898 1376; x_wconf 71' lang='lat' dir='ltr'><strong>annulum</strong></span> <span class='ocrx_word' id='word_1_119' title='bbox 925 1346 1032 1384; x_wconf 84' lang='lat' dir='ltr'><strong>Meig.</strong></span> <span class='ocrx_word' id='word_1_120' title='bbox 1060 1348 1154 1387; x_wconf 84' lang='lat' dir='ltr'><strong>Dipt.</strong></span> <span class='ocrx_word' id='word_1_121' title='bbox 1181 1350 1212 1382; x_wconf 81' lang='lat'><strong>2.</strong></span> <span class='ocrx_word' id='word_1_122' title='bbox 1235 1351 1388 1382; x_wconf 78' lang='lat'>251.19.</span> 
     </span>
     <span class='ocr_line' id='line_1_18' title="bbox 125 1406 1388 1451; baseline 0.003 -11"><span class='ocrx_word' id='word_1_123' title='bbox 125 1411 162 1441; x_wconf 87' lang='grc' dir='ltr'><strong>Τ.</strong></span> <span class='ocrx_word' id='word_1_124' title='bbox 190 1410 244 1440; x_wconf 84' lang='grc'><strong>19.</strong></span> <span class='ocrx_word' id='word_1_125' title='bbox 272 1409 294 1439; x_wconf 88' lang='lat' dir='ltr'><strong>f.</strong></span> <span class='ocrx_word' id='word_1_126' title='bbox 322 1410 375 1440; x_wconf 77' lang='lat'><strong>25.</strong></span> <span class='ocrx_word' id='word_1_127' title='bbox 414 1406 477 1442; x_wconf 50' lang='grc' dir='ltr'><strong>(ᾗς</strong></span> <span class='ocrx_word' id='word_1_128' title='bbox 506 1407 522 1418; x_wconf 84' lang='lat'><strong>&#39;’</strong></span> <span class='ocrx_word' id='word_1_129' title='bbox 550 1413 639 1446; x_wconf 81' lang='lat' dir='ltr'><strong>atra3</strong></span> <span class='ocrx_word' id='word_1_130' title='bbox 675 1408 917 1448; x_wconf 84' lang='lat' dir='ltr'><strong>liypostomate</strong></span> <span class='ocrx_word' id='word_1_131' title='bbox 956 1411 1177 1451; x_wconf 83' lang='lat' dir='ltr'><strong>orichalce03</strong></span> <span class='ocrx_word' id='word_1_132' title='bbox 1204 1415 1388 1444; x_wconf 66' lang='lat' dir='ltr'><strong>abdomine</strong></span> 
     </span>
     <span class='ocr_line' id='line_1_19' title="bbox 126 1472 1388 1513; baseline 0.004 -9"><span class='ocrx_word' id='word_1_133' title='bbox 126 1475 240 1504; x_wconf 80' lang='lat' dir='ltr'><strong>fasciis</strong></span> <span class='ocrx_word' id='word_1_134' title='bbox 275 1475 294 1503; x_wconf 75' lang='lat'><strong>2</strong></span> <span class='ocrx_word' id='word_1_135' title='bbox 328 1472 442 1510; x_wconf 51' lang='lat' dir='ltr'><strong>ssavis}</strong></span> <span class='ocrx_word' id='word_1_136' title='bbox 478 1473 622 1511; x_wconf 80' lang='lat' dir='ltr'><strong>pedibus</strong></span> <span class='ocrx_word' id='word_1_137' title='bbox 650 1472 752 1501; x_wconf 78' lang='lat' dir='ltr'><strong>rufis:</strong></span> <span class='ocrx_word' id='word_1_138' title='bbox 782 1473 872 1503; x_wconf 86' lang='lat' dir='ltr'><strong>tibiis</strong></span> <span class='ocrx_word' id='word_1_139' title='bbox 898 1477 1040 1513; x_wconf 86' lang='lat' dir='ltr'><strong>posticis</strong></span> <span class='ocrx_word' id='word_1_140' title='bbox 1074 1477 1199 1507; x_wconf 84' lang='lat' dir='ltr'><strong>fuscis:</strong></span> <span class='ocrx_word' id='word_1_141' title='bbox 1229 1484 1388 1509; x_wconf 77' lang='lat' dir='ltr'><strong>metatar-</strong></span> 
     </span>
     <span class='ocr_line' id='line_1_20' title="bbox 128 1535 1387 1578; baseline 0.003 -10"><span class='ocrx_word' id='word_1_142' title='bbox 128 1548 165 1568; x_wconf 88' lang='lat' dir='ltr'><strong>so</strong></span> <span class='ocrx_word' id='word_1_143' title='bbox 192 1537 425 1574; x_wconf 79' lang='lat' dir='ltr'><strong>crassissim03</strong></span> <span class='ocrx_word' id='word_1_144' title='bbox 452 1536 513 1565; x_wconf 84' lang='lat' dir='ltr'><strong>alis</strong></span> <span class='ocrx_word' id='word_1_145' title='bbox 540 1535 732 1575; x_wconf 78' lang='lat' dir='ltr'><strong>liyalinis,’&#39;</strong></span> <span class='ocrx_word' id='word_1_146' title='bbox 760 1536 861 1566; x_wconf 83' lang='lat' dir='ltr'><strong>etiam</strong></span> <span class='ocrx_word' id='word_1_147' title='bbox 894 1548 1002 1578; x_wconf 80' lang='lat' dir='ltr'><strong>prope</strong></span> <span class='ocrx_word' id='word_1_148' title='bbox 1036 1541 1204 1570; x_wconf 81' lang='lat' dir='ltr'><strong>accedere</strong></span> <span class='ocrx_word' id='word_1_149' title='bbox 1231 1543 1387 1578; x_wconf 79' lang='lat' dir='ltr'><strong>videtur,</strong></span> 
     </span>
     <span class='ocr_line' id='line_1_21' title="bbox 129 1600 1383 1645; baseline 0.004 -14"><span class='ocrx_word' id='word_1_150' title='bbox 129 1603 188 1631; x_wconf 89' lang='lat' dir='ltr'><strong>sed</strong></span> <span class='ocrx_word' id='word_1_151' title='bbox 225 1602 429 1640; x_wconf 85' lang='lat' dir='ltr'><strong>epistomate</strong></span> <span class='ocrx_word' id='word_1_152' title='bbox 465 1600 561 1635; x_wconf 85' lang='lat' dir='ltr'><strong>albo,</strong></span> <span class='ocrx_word' id='word_1_153' title='bbox 597 1609 658 1629; x_wconf 87' lang='lat' dir='ltr'><strong>nec</strong></span> <span class='ocrx_word' id='word_1_154' title='bbox 691 1601 910 1638; x_wconf 88' lang='lat' dir='ltr'><strong>orichalceo,</strong></span> <span class='ocrx_word' id='word_1_155' title='bbox 946 1604 1132 1634; x_wconf 77' lang='lat' dir='ltr'><strong>abdomine</strong></span> <span class='ocrx_word' id='word_1_156' title='bbox 1173 1606 1244 1634; x_wconf 88' lang='lat' dir='ltr'><strong>basi</strong></span> <span class='ocrx_word' id='word_1_157' title='bbox 1287 1608 1383 1645; x_wconf 81' lang='lat' dir='ltr'><strong>nigro</strong></span> 
     </span>
     <span class='ocr_line' id='line_1_22' title="bbox 127 1664 1391 1703; baseline 0.003 -7"><span class='ocrx_word' id='word_1_158' title='bbox 127 1666 370 1701; x_wconf 81' lang='lat' dir='ltr'><strong>immaculato,</strong></span> <span class='ocrx_word' id='word_1_159' title='bbox 398 1673 460 1693; x_wconf 84' lang='lat' dir='ltr'><strong>nec</strong></span> <span class='ocrx_word' id='word_1_160' title='bbox 484 1664 519 1692; x_wconf 90' lang='lat' dir='ltr'><strong>in</strong></span> <span class='ocrx_word' id='word_1_161' title='bbox 545 1664 681 1702; x_wconf 83' lang='lat' dir='ltr'><strong>singulo</strong></span> <span class='ocrx_word' id='word_1_162' title='bbox 710 1670 966 1703; x_wconf 81' lang='lat' dir='ltr'><strong>segmentorum</strong></span> <span class='ocrx_word' id='word_1_163' title='bbox 992 1667 1075 1697; x_wconf 87' lang='lat' dir='ltr'><strong>]:mi</strong></span> <span class='ocrx_word' id='word_1_164' title='bbox 1103 1673 1136 1698; x_wconf 83' lang='lat' dir='ltr'><strong>et</strong></span> <span class='ocrx_word' id='word_1_165' title='bbox 1163 1669 1233 1699; x_wconf 58' lang='lat'>2:611</span> <span class='ocrx_word' id='word_1_166' title='bbox 1256 1671 1391 1699; x_wconf 76' lang='lat' dir='ltr'><strong>macula</strong></span> 
     </span>
     <span class='ocr_line' id='line_1_23' title="bbox 130 1728 1391 1772; baseline 0.003 -12"><span class='ocrx_word' id='word_1_167' title='bbox 130 1730 267 1760; x_wconf 86' lang='lat' dir='ltr'><strong>laterali</strong></span> <span class='ocrx_word' id='word_1_168' title='bbox 294 1728 410 1759; x_wconf 78' lang='lat' dir='ltr'><strong>citrini</strong></span> <span class='ocrx_word' id='word_1_169' title='bbox 435 1728 583 1763; x_wconf 88' lang='lat' dir='ltr'><strong>coloris,</strong></span> <span class='ocrx_word' id='word_1_170' title='bbox 611 1732 644 1757; x_wconf 88' lang='lat' dir='ltr'><strong>et</strong></span> <span class='ocrx_word' id='word_1_171' title='bbox 672 1729 808 1758; x_wconf 81' lang='lat' dir='ltr'><strong>tandem</strong></span> <span class='ocrx_word' id='word_1_172' title='bbox 836 1734 1020 1760; x_wconf 85' lang='lat' dir='ltr'><strong>metatarso</strong></span> <span class='ocrx_word' id='word_1_173' title='bbox 1048 1732 1182 1770; x_wconf 87' lang='lat' dir='ltr'><strong>postico</strong></span> <span class='ocrx_word' id='word_1_174' title='bbox 1211 1734 1364 1772; x_wconf 88' lang='lat' dir='ltr'><strong>oblongo</strong></span> <span class='ocrx_word' id='word_1_175' title='bbox 1383 1759 1391 1771; x_wconf 71' lang='grc'>,</span> 
     </span>
     <span class='ocr_line' id='line_1_24' title="bbox 127 1794 1388 1840; baseline 0.002 -16"><span class='ocrx_word' id='word_1_176' title='bbox 127 1794 264 1840; x_wconf 67' lang='lat' dir='ltr'><strong>modice</strong></span> <span class='ocrx_word' id='word_1_177' title='bbox 288 1794 498 1828; x_wconf 85' lang='lat' dir='ltr'><strong>incrassato,</strong></span> <span class='ocrx_word' id='word_1_178' title='bbox 534 1802 595 1821; x_wconf 88' lang='lat' dir='ltr'><strong>nec</strong></span> <span class='ocrx_word' id='word_1_179' title='bbox 622 1798 723 1822; x_wconf 76' lang='lat' dir='ltr'><strong>ovato</strong></span> <span class='ocrx_word' id='word_1_180' title='bbox 758 1794 858 1824; x_wconf 81' lang='lat' dir='ltr'><strong>valde</strong></span> <span class='ocrx_word' id='word_1_181' title='bbox 883 1805 1019 1832; x_wconf 84' lang='lat' dir='ltr'><strong>crasso,</strong></span> <span class='ocrx_word' id='word_1_182' title='bbox 1055 1796 1199 1826; x_wconf 83' lang='lat' dir='ltr'><strong>recedit.</strong></span> <span class='ocrx_word' id='word_1_183' title='bbox 1249 1796 1388 1827; x_wconf 78' lang='lat' dir='ltr'><strong>Statura</strong></span> 
     </span>
     <span class='ocr_line' id='line_1_25' title="bbox 132 1852 1395 1898; baseline 0.002 -11"><span class='ocrx_word' id='word_1_184' title='bbox 132 1857 270 1896; x_wconf 83' lang='lat' dir='ltr'><strong>gracilis</strong></span> <span class='ocrx_word' id='word_1_185' title='bbox 297 1861 330 1886; x_wconf 87' lang='lat' dir='ltr'><strong>et.</strong></span> <span class='ocrx_word' id='word_1_186' title='bbox 355 1856 555 1895; x_wconf 80' lang='lat' dir='ltr'><strong>magnitudo</strong></span> <span class='ocrx_word' id='word_1_187' title='bbox 584 1852 631 1886; x_wconf 89' lang='lat' dir='ltr'><strong>D.</strong></span> <span class='ocrx_word' id='word_1_188' title='bbox 651 1853 866 1898; x_wconf 69' lang='lat' dir='ltr'><strong>flclvz&#39;pedis.</strong></span> <span class='ocrx_word' id='word_1_189' title='bbox 913 1860 1021 1898; x_wconf 86' lang='lat' dir='ltr'><strong>Caput</strong></span> <span class='ocrx_word' id='word_1_190' title='bbox 1055 1869 1131 1889; x_wconf 90' lang='lat' dir='ltr'><strong>cum</strong></span> <span class='ocrx_word' id='word_1_191' title='bbox 1159 1863 1334 1897; x_wconf 86' lang='lat' dir='ltr'><strong>antennis,</strong></span> <span class='ocrx_word' id='word_1_192' title='bbox 1363 1867 1395 1891; x_wconf 81' lang='lat' dir='ltr'><strong>et.</strong></span> 
     </span>
     <span class='ocr_line' id='line_1_26' title="bbox 133 1920 1393 1955; baseline 0.002 -4"><span class='ocrx_word' id='word_1_193' title='bbox 133 1922 255 1951; x_wconf 83' lang='lat' dir='ltr'><strong>thorax</strong></span> <span class='ocrx_word' id='word_1_194' title='bbox 289 1925 326 1949; x_wconf 86' lang='lat' dir='ltr'><strong>ut</strong></span> <span class='ocrx_word' id='word_1_195' title='bbox 359 1921 394 1949; x_wconf 93' lang='lat' dir='ltr'><strong>in</strong></span> <span class='ocrx_word' id='word_1_196' title='bbox 427 1921 500 1950; x_wconf 84' lang='lat' dir='ltr'><strong>illa.</strong></span> <span class='ocrx_word' id='word_1_197' title='bbox 536 1920 739 1950; x_wconf 88' lang='lat' dir='ltr'><strong>Abdominis</strong></span> <span class='ocrx_word' id='word_1_198' title='bbox 773 1923 929 1952; x_wconf 79' lang='lat' dir='ltr'><strong>incisurae</strong></span> <span class='ocrx_word' id='word_1_199' title='bbox 954 1924 973 1952; x_wconf 87' lang='lat'><strong><em>3</em></strong></span> <span class='ocrx_word' id='word_1_200' title='bbox 1008 1928 1041 1952; x_wconf 83' lang='lat' dir='ltr'><strong>et</strong></span> <span class='ocrx_word' id='word_1_201' title='bbox 1067 1923 1088 1952; x_wconf 85' lang='lat'>4</span> <span class='ocrx_word' id='word_1_202' title='bbox 1113 1924 1194 1954; x_wconf 85' lang='lat' dir='ltr'><strong>rusae</strong></span> <span class='ocrx_word' id='word_1_203' title='bbox 1220 1925 1273 1955; x_wconf 79' lang='lat' dir='ltr'><strong>vel</strong></span> <span class='ocrx_word' id='word_1_204' title='bbox 1300 1926 1393 1954; x_wconf 82' lang='lat' dir='ltr'><strong>rufo-</strong></span> 
     </span>
     <span class='ocr_line' id='line_1_27' title="bbox 133 1983 1395 2024; baseline 0.003 -10"><span class='ocrx_word' id='word_1_205' title='bbox 133 1985 224 2014; x_wconf 80' lang='lat' dir='ltr'><strong>ssavae</strong></span> <span class='ocrx_word' id='word_1_206' title='bbox 254 1983 415 2021; x_wconf 25' lang='lat' dir='ltr'><strong>&#39;cingulos</strong></span> <span class='ocrx_word' id='word_1_207' title='bbox 450 1984 537 2012; x_wconf 81' lang='lat' dir='ltr'><strong>duos</strong></span> <span class='ocrx_word' id='word_1_208' title='bbox 579 1985 615 2013; x_wconf 89' lang='lat' dir='ltr'><strong>in</strong></span> <span class='ocrx_word' id='word_1_209' title='bbox 652 1986 768 2015; x_wconf 89' lang='lat' dir='ltr'><strong>medio</strong></span> <span class='ocrx_word' id='word_1_210' title='bbox 803 1987 996 2016; x_wconf 84' lang='lat' dir='ltr'><strong>abdominis</strong></span> <span class='ocrx_word' id='word_1_211' title='bbox 1027 1987 1196 2024; x_wconf 83' lang='lat' dir='ltr'><strong>forment,</strong></span> <span class='ocrx_word' id='word_1_212' title='bbox 1229 1989 1263 2018; x_wconf 91' lang='lat' dir='ltr'><strong>in</strong></span> <span class='ocrx_word' id='word_1_213' title='bbox 1302 1999 1395 2018; x_wconf 73' lang='lat' dir='ltr'><strong>mart·</strong></span> 
     </span>
     <span class='ocr_line' id='line_1_28' title="bbox 136 2047 1394 2092; baseline 0.003 -14"><span class='ocrx_word' id='word_1_214' title='bbox 136 2049 244 2087; x_wconf 86' lang='lat' dir='ltr'><strong>magis</strong></span> <span class='ocrx_word' id='word_1_215' title='bbox 272 2048 488 2087; x_wconf 86' lang='lat' dir='ltr'><strong>conspicuos.</strong></span> <span class='ocrx_word' id='word_1_216' title='bbox 540 2047 606 2077; x_wconf 74' lang='lat' dir='ltr'><strong>Alae</strong></span> <span class='ocrx_word' id='word_1_217' title='bbox 632 2053 669 2077; x_wconf 86' lang='lat' dir='ltr'><strong>ut</strong></span> <span class='ocrx_word' id='word_1_218' title='bbox 696 2049 729 2079; x_wconf 85' lang='lat' dir='ltr'><strong>in</strong></span> <span class='ocrx_word' id='word_1_219' title='bbox 759 2047 805 2081; x_wconf 88' lang='lat' dir='ltr'><strong>D.</strong></span> <span class='ocrx_word' id='word_1_220' title='bbox 824 2048 1027 2092; x_wconf 79' lang='lat' dir='ltr'><strong>flavipede.</strong></span> <span class='ocrx_word' id='word_1_221' title='bbox 1064 2052 1171 2081; x_wconf 81' lang='lat' dir='ltr'><strong>Pedes</strong></span> <span class='ocrx_word' id='word_1_222' title='bbox 1199 2053 1394 2082; x_wconf 82' lang='lat' dir='ltr'><strong>anteriores</strong></span> 
     </span>
     <span class='ocr_line' id='line_1_29' title="bbox 133 2111 1396 2154; baseline 0.002 -12"><span class='ocrx_word' id='word_1_223' title='bbox 133 2122 211 2142; x_wconf 87' lang='lat' dir='ltr'><strong>cum</strong></span> <span class='ocrx_word' id='word_1_224' title='bbox 237 2112 333 2141; x_wconf 86' lang='lat' dir='ltr'><strong>coxis</strong></span> <span class='ocrx_word' id='word_1_225' title='bbox 360 2112 489 2150; x_wconf 87' lang='lat' dir='ltr'><strong>pallide</strong></span> <span class='ocrx_word' id='word_1_226' title='bbox 516 2111 611 2148; x_wconf 79' lang='lat' dir='ltr'><strong>ssavi,</strong></span> <span class='ocrx_word' id='word_1_227' title='bbox 648 2117 820 2144; x_wconf 88' lang='lat' dir='ltr'><strong>tarsorum</strong></span> <span class='ocrx_word' id='word_1_228' title='bbox 846 2115 1003 2145; x_wconf 84' lang='lat' dir='ltr'><strong>articulis</strong></span> <span class='ocrx_word' id='word_1_229' title='bbox 1040 2116 1137 2154; x_wconf 83' lang='lat' dir='ltr'><strong>apice</strong></span> <span class='ocrx_word' id='word_1_230' title='bbox 1164 2115 1234 2145; x_wconf 87' lang='lat' dir='ltr'><strong>late</strong></span> <span class='ocrx_word' id='word_1_231' title='bbox 1264 2116 1370 2145; x_wconf 79' lang='lat' dir='ltr'><strong>fuscis</strong></span> <span class='ocrx_word' id='word_1_232' title='bbox 1389 2139 1396 2151; x_wconf 83' lang='lat'><strong><em>,</em></strong></span> 
     </span>
     <span class='ocr_line' id='line_1_30' title="bbox 136 2175 1397 2218; baseline 0.002 -12"><span class='ocrx_word' id='word_1_233' title='bbox 136 2176 228 2206; x_wconf 87' lang='lat' dir='ltr'><strong>unde</strong></span> <span class='ocrx_word' id='word_1_234' title='bbox 255 2176 336 2205; x_wconf 86' lang='lat' dir='ltr'><strong>tarsi</strong></span> <span class='ocrx_word' id='word_1_235' title='bbox 363 2176 459 2214; x_wconf 88' lang='lat' dir='ltr'><strong>quasi</strong></span> <span class='ocrx_word' id='word_1_236' title='bbox 486 2175 757 2206; x_wconf 86' lang='lat' dir='ltr'><strong>fusco-annulati</strong></span> <span class='ocrx_word' id='word_1_237' title='bbox 785 2179 957 2208; x_wconf 83' lang='lat' dir='ltr'><strong>videntur.</strong></span> <span class='ocrx_word' id='word_1_238' title='bbox 1009 2180 1118 2209; x_wconf 85' lang='lat' dir='ltr'><strong>Pedes</strong></span> <span class='ocrx_word' id='word_1_239' title='bbox 1145 2180 1267 2218; x_wconf 87' lang='lat' dir='ltr'><strong>postici</strong></span> <span class='ocrx_word' id='word_1_240' title='bbox 1290 2181 1397 2209; x_wconf 79' lang='lat' dir='ltr'><strong>varie-</strong></span> 
     </span>
     <span class='ocr_line' id='line_1_31' title="bbox 136 2241 1400 2282; baseline 0.002 -13"><span class='ocrx_word' id='word_1_241' title='bbox 136 2241 223 2279; x_wconf 84' lang='lat' dir='ltr'><strong>gati:</strong></span> <span class='ocrx_word' id='word_1_242' title='bbox 251 2249 344 2269; x_wconf 60' lang='lat' dir='ltr'><strong>coxa}</strong></span> <span class='ocrx_word' id='word_1_243' title='bbox 373 2249 496 2279; x_wconf 85' lang='lat' dir='ltr'><strong>nempe</strong></span> <span class='ocrx_word' id='word_1_244' title='bbox 523 2244 557 2269; x_wconf 86' lang='lat' dir='ltr'><strong>et</strong></span> <span class='ocrx_word' id='word_1_245' title='bbox 583 2241 822 2271; x_wconf 83' lang='lat' dir='ltr'><strong>trochanteres</strong></span> <span class='ocrx_word' id='word_1_246' title='bbox 849 2243 980 2282; x_wconf 88' lang='lat' dir='ltr'><strong>pallide</strong></span> <span class='ocrx_word' id='word_1_247' title='bbox 1006 2243 1116 2279; x_wconf 89' lang='lat' dir='ltr'><strong>flava,</strong></span> <span class='ocrx_word' id='word_1_248' title='bbox 1147 2243 1279 2272; x_wconf 84' lang='lat' dir='ltr'><strong>femora</strong></span> <span class='ocrx_word' id='word_1_249' title='bbox 1305 2245 1400 2281; x_wconf 78' lang='lat' dir='ltr'><strong>nigra</strong></span> 
     </span>
     <span class='ocr_line' id='line_1_32' title="bbox 136 2303 1399 2345; baseline 0.001 -12"><span class='ocrx_word' id='word_1_250' title='bbox 136 2304 206 2333; x_wconf 87' lang='lat' dir='ltr'><strong>basi</strong></span> <span class='ocrx_word' id='word_1_251' title='bbox 241 2303 408 2341; x_wconf 86' lang='lat' dir='ltr'><strong>apiceque</strong></span> <span class='ocrx_word' id='word_1_252' title='bbox 441 2304 581 2333; x_wconf 89' lang='lat' dir='ltr'><strong>modice</strong></span> <span class='ocrx_word' id='word_1_253' title='bbox 616 2305 685 2334; x_wconf 88' lang='lat' dir='ltr'><strong>late</strong></span> <span class='ocrx_word' id='word_1_254' title='bbox 720 2305 922 2343; x_wconf 74' lang='lat' dir='ltr'><strong>niso-(lava,</strong></span> <span class='ocrx_word' id='word_1_255' title='bbox 958 2307 1045 2336; x_wconf 79' lang='lat' dir='ltr'><strong>tibiae</strong></span> <span class='ocrx_word' id='word_1_256' title='bbox 1079 2307 1200 2345; x_wconf 79' lang='lat' dir='ltr'><strong>nigrae,</strong></span> <span class='ocrx_word' id='word_1_257' title='bbox 1228 2307 1292 2336; x_wconf 88' lang='lat' dir='ltr'><strong>ima</strong></span> <span class='ocrx_word' id='word_1_258' title='bbox 1329 2308 1399 2335; x_wconf 78' lang='lat' dir='ltr'><strong>basi</strong></span> 
     </span>
     <span class='ocr_line' id='line_1_33' title="bbox 136 2366 1397 2408; baseline 0.002 -14"><span class='ocrx_word' id='word_1_259' title='bbox 136 2366 235 2402; x_wconf 82' lang='lat' dir='ltr'><strong>rul&#39;ae,</strong></span> <span class='ocrx_word' id='word_1_260' title='bbox 269 2366 364 2406; x_wconf 86' lang='lat' dir='ltr'><strong>apice</strong></span> <span class='ocrx_word' id='word_1_261' title='bbox 402 2368 679 2404; x_wconf 68' lang='lat' dir='ltr'><strong>subincrassatae,</strong></span> <span class='ocrx_word' id='word_1_262' title='bbox 715 2370 794 2399; x_wconf 83' lang='lat' dir='ltr'><strong>tarsi</strong></span> <span class='ocrx_word' id='word_1_263' title='bbox 832 2370 938 2408; x_wconf 81' lang='lat' dir='ltr'><strong>fusci,</strong></span> <span class='ocrx_word' id='word_1_264' title='bbox 974 2375 1160 2401; x_wconf 77' lang='lat' dir='ltr'><strong>nietatarso</strong></span> <span class='ocrx_word' id='word_1_265' title='bbox 1187 2371 1324 2400; x_wconf 77' lang='lat' dir='ltr'><strong>modice</strong></span> <span class='ocrx_word' id='word_1_266' title='bbox 1351 2371 1397 2398; x_wconf 48' lang='lat' dir='ltr'><strong>in*</strong></span> 
     </span>
    </p>
   </div>
   <div class='ocr_carea' id='block_1_10' title="bbox 136 2430 1097 2469">
    <p class='ocr_par' dir='ltr' id='par_1_10' title="bbox 136 2430 1097 2469">
     <span class='ocr_line' id='line_1_34' title="bbox 136 2430 1097 2469; baseline 0.005 -10"><span class='ocrx_word' id='word_1_267' title='bbox 136 2433 284 2459; x_wconf 87' lang='lat' dir='ltr'><strong>crassato</strong></span> <span class='ocrx_word' id='word_1_268' title='bbox 311 2430 379 2458; x_wconf 86' lang='lat' dir='ltr'><strong>basi</strong></span> <span class='ocrx_word' id='word_1_269' title='bbox 407 2436 548 2469; x_wconf 85' lang='lat' dir='ltr'><strong>anguste</strong></span> <span class='ocrx_word' id='word_1_270' title='bbox 573 2432 841 2463; x_wconf 86' lang='lat' dir='ltr'><strong>indeterminate</strong></span> <span class='ocrx_word' id='word_1_271' title='bbox 873 2435 1097 2465; x_wconf 84' lang='lat' dir='ltr'><strong>rufescentes.</strong></span> 
     </span>
    </p>
   </div>
   <div class='ocr_carea' id='block_1_11' title="bbox 1204 2482 1287 2524">
    <p class='ocr_par' dir='ltr' id='par_1_11' title="bbox 1204 2482 1287 2524">
     <span class='ocr_line' id='line_1_35' title="bbox 1204 2482 1287 2524; baseline -0.024 0"><span class='ocrx_word' id='word_1_272' title='bbox 1204 2482 1287 2524; x_wconf 77' lang='lat'><strong>376</strong></span> 
     </span>
    </p>
   </div>
  </div>
 </body>
</html>
