1452 2912
471 142 550 185 197
581 148 636 191 a).
669 141 725 182 M
727 142 762 183 il
763 142 828 183 ich
833 147 891 185 ia.
1245 140 1326 185 272
1336 145 1351 184 1

9 261 35 302 5
79 262 294 315 specimina
341 261 475 298 iuveni
522 265 560 296 in
608 261 761 297 truncis
811 254 912 298 viv'is
959 260 1104 310 Populi
1162 262 1358 301 tremulae·

56 425 94 463 ῼ.
141 421 250 452 Valde
275 421 447 452 distincta.
496 423 651 453 Obscura
687 434 809 464 opaca.
857 423 970 454 Frons
998 421 1034 460 ὃ(
1058 427 1177 454 vertex
1211 426 1356 454 omnino

100 491 138 516 ut
162 486 197 514 in
223 484 333 523 priori
359 486 463 514 etiam
489 488 602 524 quoad
628 493 730 519 setas.
780 490 942 519 Summus
979 487 1102 517 frontis
1128 497 1246 526 margo
1273 497 1358 526 saepe

99 548 263 589 pallidus.
312 549 475 578 Antennae
499 550 694 581 mediocres
722 553 832 590 nigrae,
859 556 933 581 seta
958 552 1068 589 nigra.
1116 551 1296 590 Epistoma
1321 555 1360 580 ut

100 614 136 643 in
160 611 268 651 priori
295 616 545 649 constructum,
580 616 893 653 argenteo-album,
921 615 983 643 sub
1018 614 1175 643 antennis
1211 614 1358 652 nigrum,

99 676 187 706 Setae
210 676 402 715 mystacinae
427 676 591 714 utrinque
617 679 752 708 subtres
778 680 891 717 nigrae,
918 675 954 714 &J
979 678 1097 706 setulae
1131 678 1201 706 oris
1226 677 1359 716 plures.

101 737 197 777 Palpi
222 738 416 768 subexserti
445 736 480 774 ὃς
504 741 683 778 proboscis
709 751 833 778 crassa,
860 744 968 780 nigra.
1010 740 1113 770 Oculi
1138 741 1292 776 rotundi,
1310 740 1358 768 la-

106 805 182 830 tere
208 800 321 830 infero
356 801 530 832 subrecto.
580 804 717 833 Thorax
752 805 924 841 cinereus,
950 813 1068 832 versus
1100 803 1213 832 latera
1241 800 1276 836 &C
1299 813 1359 842 po·

101 864 187 892 stice
212 863 485 902 nigro-setosus3
520 866 623 895 dorso
649 867 752 896 lineis
777 868 797 896 3
824 867 986 896 brunneis
1021 866 1242 904 subintegris‚
1277 875 1359 903 qua-

100 936 177 955 rum
203 927 318 955 media
344 928 451 964 tenui,
476 928 680 959 lateralibus
715 931 756 959 ab
790 931 946 960 humeris
972 930 1015 959 ad
1048 929 1201 958 radicem
1228 928 1359 957 alarum

99 989 296 1018 latioribus.
344 990 473 1019 Pleurae
506 1001 605 1028 canae,
639 993 731 1022 vittis
765 994 785 1022 2
809 993 1087 1022 horizontalibu-s
1122 992 1287 1020 brunneis
1322 996 1361 1020 ut

103 1051 140 1080 in
163 1052 392 1090 praecedente.
440 1053 609 1084 Praeterea
634 1056 669 1084 in
703 1057 900 1085 interstitiis
947 1057 1038 1084 inter
1071 1055 1170 1083 vittas
1199 1054 1357 1083 dorsales

104 1115 276 1144 brunneas
302 1116 484 1153 vestigium
509 1117 646 1147 lineolae
670 1119 784 1147 tenuis
809 1119 1006 1157 interruptae
1038 1119 1149 1148 dilute
1186 1121 1359 1154 brunneae,

103 1177 138 1206 in
165 1187 231 1215 qua
278 1179 385 1208 series
427 1184 579 1209 setarum
612 1181 737 1210 locata.
786 1181 981 1211 Scutellum
1015 1191 1134 1220 parum
1168 1192 1360 1212 convexum

102 1239 292 1277 cinereum,
318 1242 450 1272 lineola
475 1245 590 1273 media
607 1244 763 1273 brunnea
782 1248 862 1273 ante
881 1245 1016 1284 apicem
1036 1250 1284 1283 evanescente3
1305 1255 1359 1275 sae-

101 1311 145 1341 pe
171 1303 340 1334 obsoleta.
388 1306 570 1336 Abdomen
595 1308 785 1343 cinereum,
813 1312 1070 1345 segmentorum
1104 1309 1176 1338 basi
1210 1308 1358 1337 maculis

105 1364 281 1403 brunneis,
307 1368 343 1396 in
368 1368 492 1398 fascias
521 1374 731 1400 transversas
757 1371 942 1410 inaequales
969 1380 1053 1410 saepe
1080 1371 1244 1401 dilatatis.
1294 1372 1361 1400 Al»-

88 1427 231 1458 vdomen
256 1429 421 1461 detritum
448 1433 618 1470 nigricans
644 1434 870 1465 subnitidum.
919 1436 1111 1465 Oviductus
1150 1434 1363 1473 plerumque

105 1491 149 1520 ad
173 1492 427 1531 longitudinem
453 1497 622 1534 segmenti
657 1498 720 1526 5zti
753 1502 922 1534 exsertus,
972 1498 1226 1528 crassiusculus
1253 1498 1362 1535 niger.

103 1555 172 1584 Alae
196 1557 514 1598 cinereo-hyalinae,
541 1559 653 1588 nervis
680 1560 882 1589 transversis
915 1561 1108 1592 insuscatis.
1156 1562 1286 1590 Puncta
1311 1560 1363 1589 fu-

109 1627 166 1647 sca
191 1619 235 1648 ad
259 1621 392 1658 apicem
418 1623 514 1651 nervi
541 1623 720 1652 auxiliaris
748 1620 784 1659 SC
809 1625 1044 1653 anastomosin
1079 1633 1265 1654 nervorum
1288 1623 1364 1652 lon-

109 1682 353 1719 gitudinalium
378 1685 398 1713 2
426 1682 461 1720 ὃς
486 1685 505 1714 3
533 1690 570 1714 ut
594 1687 628 1714 in
664 1688 784 1724 priori,
820 1687 882 1716 sed
906 1687 1042 1717 minora
1069 1685 1104 1724 ὃς
1128 1687 1238 1716 multo
1265 1687 1365 1716 obso-

96 1744 247 1785 letiora.
298 1746 402 1775 Nervi
428 1747 702 1785 longitudinales
729 1750 762 1786 2,
789 1751 808 1779 3
837 1748 871 1786 ὃς
895 1750 916 1779 4
941 1752 984 1781 ad
1017 1752 1150 1790 apicem
1175 1751 1288 1780 minus
1315 1750 1364 1778 di-

106 1813 284 1846 vergentes
313 1806 347 1845 &C
374 1814 586 1839 transversus
613 1813 809 1842 ordinarius
837 1815 948 1843 minus
975 1814 1079 1852 longe
1099 1824 1116 1843 a
1138 1814 1293 1851 margine
1311 1823 1363 1842 re-

110 1876 236 1908 motus,
263 1882 364 1911 quam
382 1874 417 1902 in
434 1875 560 1912 priori3
588 1876 679 1905 fiztus
701 1876 965 1914 longitudinalis
990 1878 1197 1916 perspicuus
1223 1877 1296 1906 sere
1322 1875 1366 1905 ad

111 1935 300 1972 marginem
348 1938 581 1968 continuatus.
632 1941 776 1978 Spinula
825 1944 923 1970 costae
947 1940 1092 1969 minuta.
1142 1940 1305 1970 Halteres
1331 1936 1368 1974 &5

111 2006 257 2035 squamae
281 2000 408 2030 albida.
456 2001 565 2031 Pedes
591 2003 691 2040 nigri,
730 2004 827 2032 tarsis
859 2005 991 2043 piceis;
1017 2005 1052 2033 in
1073 2001 1274 2042 junioribus
1302 2001 1365 2030 toti

114 2061 331 2101 nigro-picei.
380 2064 526 2094 Femora
552 2066 737 2104 praesertim
765 2068 878 2096 antica
903 2067 1065 2105 pilosula.

139 2231 177 2271 3.
208 2228 273 2269 Μ.
302 2228 521 2271 ὂοΙεῑίηα.·
560 2236 735 2282 οίυριέε,
765 2237 1004 2287 epislomate
1039 2241 1123 2275 toto
1155 2236 1269 2281 albo;
1301 2250 1370 2275 an-

23 2305 154 2343 tennis
183 2305 319 2351 fulvis,
351 2306 434 2344 basi
466 2305 504 2343 6:
537 2307 693 2346 macula
731 2321 874 2360 supera
908 2311 1050 2361 nigris3
1093 2310 1225 2361 palpis
1258 2310 1368 2360 pedi-

27 2377 181 2428 busque
221 2380 348 2422 ssavis,
380 2378 440 2417 his
478 2379 920 2428 brunnen-maculatim
963 2384 1177 2422 abdomine
1211 2385 1372 2434 punctis

25 2448 52 2488 6
83 2451 288 2499 brunneis;
335 2452 408 2490 alis
447 2453 621 2504 hyalinis
651 2456 932 2504 immaculatis,
962 2463 1114 2507 puncto
1145 2456 1285 2496 costali
1318 2455 1364 2492 ad
